2942 4625
529 351 597 406 LIB.
616 351 711 407 1146.
730 352 841 407 97-48.
862 353 918 407 100.
1189 341 1249 402 185

194 552 362 616 conditam
378 553 575 633 accepimus,
591 551 804 631 Romamque,
824 552 859 615 in
875 553 952 633 iugo
969 572 1044 617 cum
1060 556 1146 617 esset
1161 555 1250 633 luna,

194 665 308 724 natam
337 678 407 724 esse
435 658 565 722 dicebat
587 676 647 721 uec
671 659 742 721 eius
765 658 834 722 fata
857 676 972 723 canere
996 659 1180 725 dubitabat.
1226 662 1251 727 0
1270 660 1311 714 99

194 770 262 830 uim
283 786 470 831 maxumam
493 767 625 830 erroris!
676 767 828 829 Etiamne
858 766 950 830 urhis
973 768 1094 832 natalis
1118 768 1188 833 dies
1211 771 1251 834 ad

195 877 262 938 vim
286 875 456 939 stellarum
479 876 511 938 et
534 875 632 937 lunae
656 873 866 955 pertinebat?
915 874 990 951 Fac,
1018 876 1054 939 in
1077 896 1177 958 puero
1200 897 1253 942 re-

195 982 291 1060 ferre,
315 1001 353 1046 ex
376 1001 441 1063 qua
463 980 647 1045 adfectione
671 981 754 1044 caeli
777 981 920 1062 primum
938 982 1093 1063 spiritum
1110 983 1252 1060 duxerim

197 1109 276 1152 num
306 1091 367 1154 hoc
397 1090 431 1153 iu
458 1090 560 1153 latere
591 1090 649 1151 aut
678 1088 713 1151 iu
743 1091 925 1166 caemento,
958 1108 996 1152 ex
1024 1091 1143 1170 quibus
1174 1093 1253 1157 urbs

197 1197 313 1261 effecta
336 1199 396 1274 est,
420 1197 530 1279 potuit
552 1196 683 1268 valere?
716 1195 792 1259 ’Sed
816 1195 895 1276 quid
919 1197 1035 1278 plura?
1059 1199 1179 1262 cotidie
1202 1219 1253 1263 re-

197 1305 368 1369 felluntur.
429 1304 534 1383 Quam
567 1305 673 1367 multa
706 1323 766 1385 ego
800 1303 971 1386 Pompeio,
1011 1324 1109 1386 quam
1148 1309 1253 1373 multa

197 1412 324 1489 Crasso,
348 1431 446 1493 quam
468 1412 575 1476 multa
597 1412 675 1474 huic
698 1412 764 1494 ipsi
780 1409 910 1476 Caesari
934 1431 952 1475 a
975 1410 1148 1478 Chaldaeis
1165 1415 1254 1480 dicta

195 1521 347 1586 memini:
370 1522 535 1585 neminem
559 1539 671 1583 eorum
695 1521 760 1583 nisi
782 1522 962 1597 senectute,
986 1521 1050 1584 nisi
1067 1521 1164 1599 domi,
1188 1521 1259 1588 nisi
1331 1599 1337 1610 ¹

198 1647 273 1692 oum
285 1629 435 1692 claritate
449 1646 519 1692 esse
531 1630 742 1692 moriturum!
759 1630 797 1689 ut
809 1628 890 1690 mihi
903 1628 1081 1709 permirum
1092 1630 1253 1705 videatur,

198 1755 396 1818 quemquam
419 1737 555 1811 exstare,
587 1736 643 1815 qui
666 1737 767 1798 etiam
789 1753 877 1797 nunc
901 1735 1013 1799 credat
1035 1736 1086 1814 iis,
1115 1755 1255 1817 quorum

199 1843 368 1926 praedicta
391 1841 511 1906 cotidie
534 1840 644 1905 videat
667 1861 701 1906 re
725 1844 758 1905 et
782 1844 908 1907 eventis
931 1842 1048 1906 refelli.

262 1951 403 2014 Restant
427 1950 490 2013 duo
514 1949 684 2013 divinandi
707 1968 837 2029 genera,
866 1969 948 2031 quae
972 1951 1090 2015 habere
1114 1951 1255 2017 dicimur

199 2079 218 2123 a
246 2063 374 2135 natura,
405 2076 471 2121 non
499 2056 539 2120 ab
569 2058 648 2134 arte,
683 2057 887 2120 vaticinandi
917 2060 950 2121 et
979 2060 1179 2134 somniandi;
1215 2061 1253 2124 de

199 2167 329 2248 quibus,
354 2164 496 2243 Quinte,’
520 2164 664 2244 inquam,
690 2166 728 2228 ‘si
751 2165 869 2246 placet,
894 2165 1114 2231 disseramus'
1161 2168 1253 2232 ‘Mihi

195 2274 292 2352 vero',
320 2274 439 2356 inquit,
464 2274 598 2356 ‘placet;
626 2272 677 2336 his
702 2274 800 2350 enim,
826 2291 908 2354 quae
932 2273 1039 2337 adhuc
1063 2274 1251 2358 disputasti,

196 2402 330 2465 prorsus
361 2382 538 2458 adsentior,
568 2383 611 2456 et,
641 2399 715 2444 vere
747 2383 784 2444 ut
813 2382 938 2461 loquar,
970 2401 1168 2463 quamquam
1194 2388 1253 2448 tua

196 2509 248 2553 me
279 2491 382 2554 oratio
412 2489 627 2565 confirmavit,
655 2492 767 2552 tamen
797 2489 895 2552 etiam
918 2508 991 2553 mea
1014 2494 1130 2572 sponte
1153 2493 1252 2556 nimis

198 2597 462 2679 superstitiosam
485 2597 524 2660 de
547 2595 750 2660 divinatione
774 2594 957 2660 Stoicorum
981 2600 1179 2662 seutentiam
1201 2601 1253 2663 iu-

199 2704 363 2779 dicabam3
386 2704 467 2767 haec
488 2722 540 2766 me
563 2702 860 2785 Peripateticorum
882 2706 966 2768 ratio
981 2707 1086 2786 magis
1102 2708 1254 2772 movebat

199 2816 232 2874 et
254 2813 374 2875 ceteris
397 2810 591 2874 Dicaearchi
614 2812 647 2874 et
670 2812 751 2887 eius,
775 2812 832 2891 qui
855 2829 943 2874 nuuc
966 2812 1069 2890 floret,
1094 2813 1252 2898 Cratippi,

1271 1920 1315 1980 48

1273 2002 1333 2055 100*

199 3086 405 3155 pertinebat]
424 3108 458 3134 ε
472 3089 616 3154 pertinere
640 3087 755 3155 dicebat,
779 3085 866 3140 derfor
888 3088 964 3157 impf.
986 3088 1099 3157 ligesorn
1123 3090 1185 3146 Hor.
1210 3095 1253 3148 od,
1274 3093 1305 3133 9⁹

198 3176 220 3229 I.
240 3176 282 3232 27.
301 3176 334 3229 19
351 3192 374 3230 ο,
393 3176 420 3231 fl.
439 3180 471 3230 st.
505 3193 542 3229 ex
560 3193 624 3245 qua
642 3176 841 3230 adfectione
860 3178 959 3247 caeli]
981 3201 1011 3226 ε.-
1031 3196 1065 3234 ece
1083 3182 1162 3248 paoli
1180 3185 1254 3238 caeto

200 3252 297 3333 (quoue
322 3266 402 3320 modo
430 3267 563 3334 adserto);
591 3266 637 3321 det
663 3284 691 3320 er
716 3284 809 3335 naeppe
832 3267 997 3337 uedvendigt
1021 3273 1049 3323 at
1072 3270 1189 3325 udslette
1212 3290 1254 3327 ex.

201 3357 324 3410 Primam
342 3373 370 3409 er
388 3360 492 3410 snarest
510 3356 643 3425 adjektiv;
659 3357 691 3425 jf.
712 3358 772 3411 Seu.
791 3359 825 3411 de
842 3360 889 3411 tra
906 3358 955 3412 III.
971 3360 1010 3413 19.
1026 3361 1044 3413 4
1061 3362 1184 3415 altimum
1202 3366 1255 3431 epi-

199 3449 282 3500 ro'tum
301 3448 418 3501 trabere.
445 3447 525 3500 huic
542 3447 609 3515 ipsi
625 3447 772 3516 Caesari]
794 3464 845 3501 »nu
863 3449 979 3518 fornylig
996 3451 1030 3503 til
1049 3451 1108 3516 C,‹;
1127 3469 1155 3506 se
1172 3457 1254 3508 neten

199 3535 240 3590 24.
259 3536 301 3590 52.
344 3539 530 3606 senectute]
550 3538 603 3591 obi.
626 3554 738 3605 caueae,
762 3537 865 3591 stledes
882 3548 1020 3596 senectute
1037 3542 1108 3596 diem
1127 3544 1193 3598 obiit
1209 3561 1253 3598 su-

196 3644 322 3694 premum
345 3627 423 3682 Corn.
447 3628 514 3696 Nep.
544 3629 577 3681 de
602 3645 658 3695 rep.
682 3629 706 3695 1,
732 3636 842 3683 senecta
869 3637 981 3685 mortem
1007 3633 1082 3687 obire
1100 3633 1160 3687 Tac.
1189 3652 1253 3688 aaa.

201 3717 275 3770 XHI.
294 3718 335 3771 33.
372 3718 496 3786 videat]
514 3718 607 3772 Mdn‘
624 3718 642 3786 ἓ
659 3718 710 3771 366
727 3734 797 3772 anm.
816 3718 841 3774 3.

201 3807 481 3862 Dicaearchi...
502 3807 669 3876 Cratippi]
696 3826 724 3862 se
747 3808 769 3864 1.
792 3811 815 3863 3.
840 3811 857 3863 5
880 3826 915 3878 og
940 3814 1049 3864 notcrne
1074 3812 1126 3867 der.
1172 3791 1320 3901 einesfogsp

201 3899 259 3966 qui
276 3914 363 3951 nunc
382 3898 495 3968 floret]
509 3915 570 3952 »vor
587 3898 754 3952 udmaerkede
773 3900 940 3969 samtidiger.
952 3931 984 3939 -
994 3901 1071 3955 Efter
1085 3902 1138 3971 det,
1152 3902 1199 3956 der
1207 3903 1255 3956 her

202 4004 235 4056 og
252 3989 262 4041 i
281 3988 326 4041 det
349 3988 473 4057 folgende
495 3989 566 4058 siges
590 4006 633 4042 orn
653 3989 682 4054 Q.
702 3988 816 4044 Cicero’s
841 3991 1008 4059 standpunkt
1031 3992 1134 4046 overfor
1157 3992 1256 4046 divina-

103 4063 109 4099 ι
135 4079 139 4084 ’
201 4078 302 4147 tionen,
320 4078 408 4131 hunde
427 4078 473 4132 det
491 4095 519 4133 se
537 4079 581 4147 ud,
600 4096 656 4133 som
676 4097 717 4133 om
737 4080 912 4149 adviklingen
927 4082 1004 4135 ilste
1018 4081 1071 4150 bog
1084 4082 1146 4136 ikke
1162 4083 1256 4136 skuldo
