2942 4625
251 371 312 431 160
517 383 713 439 CICERONIS
731 385 781 439 DE
800 383 1045 439 DIVINATIONE

249 582 334 645 nihil
363 582 421 646 illo
450 583 582 661 elarius,
612 583 697 647 nihil
724 583 870 648 nobilius
892 583 972 661 fore,
1002 585 1113 662 miror,
1144 583 1221 648 deos
1244 585 1311 647 im-

250 690 405 754 mortales
432 690 587 774 histrioni
614 690 726 754 futuro
751 691 936 755 claritatem
959 691 1153 770 ostendisse,
1181 692 1308 755 nullam

194 807 233 869 67
252 797 435 862 ostendisse
469 798 634 864 Africano.
693 800 804 879 Atque
843 799 944 863 etiarn
981 818 1000 863 a
1028 802 1061 863 te
1100 800 1309 864 Flaminiana

253 907 383 970 ostenta
406 906 544 969 oolleeta
567 909 661 969 sunt:
685 906 784 987 ‘quod
806 908 878 988 ipse
901 911 934 971 et
958 925 1062 988 equus
1085 910 1158 973 eius
1172 908 1309 989 repente

252 1012 457 1088 ooneiderit’;
481 1033 547 1077 non
570 1032 648 1077 sane
671 1015 822 1078 mirabile
840 1015 902 1079 hoe
926 1014 1074 1095 quidem!
1098 1014 1197 1095 ‘quod
1213 1014 1310 1078 evelli

252 1121 351 1202 primi
372 1122 496 1185 hastati
520 1122 652 1201 signum
674 1141 742 1185 non
765 1122 935 1205 potuerit';
962 1122 1078 1187 timide
1101 1123 1241 1187 fortasse
1264 1123 1311 1185 si·

254 1226 361 1307 gnifer
383 1228 554 1306 evellebat,
578 1228 666 1309 qnod
688 1228 829 1293 fidenter
850 1230 1011 1294 infixerat.
1056 1231 1141 1294 Nam
1159 1229 1312 1326 Dionysii

253 1353 358 1415 equus
382 1335 462 1415 quid
485 1337 601 1400 attulit
623 1336 861 1416 admirationis,
885 1338 973 1418 quod
993 1338 1127 1402 emersit
1142 1355 1159 1402 e
1174 1336 1311 1401 flumine

253 1440 406 1523 quodque
429 1443 547 1507 habuit
569 1462 647 1526 apes
670 1446 705 1508 in
728 1445 829 1509 iuba?
864 1444 928 1509 Sed
952 1447 1029 1527 quia
1051 1446 1142 1510 brevi
1164 1448 1311 1528 ternpore

254 1566 392 1630 regnare
416 1552 534 1633 eoepit,
559 1551 646 1632 quod
669 1552 835 1616 aooiderat
851 1571 939 1628 oasa,
962 1555 1030 1618 vim
1045 1554 1163 1618 habuit
1179 1552 1311 1617 ostenti.

256 1658 311 1720 ‘At
341 1658 607 1723 Lacedaemoniis
636 1660 672 1723 in
699 1661 852 1726 Herculis
883 1661 960 1725 fano
995 1679 1086 1725 arma
1118 1662 1311 1737 sonuerunt,

256 1764 469 1858 eiusdemque
500 1766 553 1831 dei
576 1767 696 1831 Thebis
725 1769 839 1833 valvae
870 1770 1000 1834 olausae
1031 1769 1140 1834 subito
1170 1786 1203 1833 se
1235 1786 1313 1849 ape-

257 1875 405 1950 ruerunt,
433 1891 535 1953 eaque
565 1877 669 1953 senta,
701 1894 784 1957 quae
812 1875 946 1940 fuerant
969 1876 1109 1940 sublime
1132 1877 1206 1953 fixa,
1234 1879 1314 1940 sunt

257 1980 351 2043 humi
380 1979 534 2045 inventa!
589 1981 715 2047 Horum
742 2004 818 2079 enm
846 1984 919 2048 fieri
949 1985 1032 2048 nihil
1066 1985 1212 2066 potuerit
1242 1967 1313 2047 sine

258 2088 369 2169 aliquo
399 2091 502 2167 motu,
532 2089 612 2172 quid
642 2095 702 2169 est,
732 2110 792 2155 our
819 2092 979 2156 divinitus
1008 2110 1046 2155 ea
1074 2093 1185 2173 potius
1214 2107 1313 2171 quam

1110 2321 1316 2329 --——-—-

260 2473 377 2526 forsvare
399 2475 409 2526 i
431 2474 525 2542 lighed
547 2474 617 2527 med,
631 2475 782 2530 conciderit
803 2490 837 2543 og
853 2475 981 2542 potnerit
997 2475 1007 2526 i
1024 2473 1066 2542 67,
1089 2473 1157 2528 hvor
1178 2474 1251 2542 qaod
1266 2472 1316 2525 har

261 2561 399 2618 en'anden
416 2565 572 2634 betydnhrg.
608 2564 782 2635 Africano]
803 2581 831 2618 se
848 2567 930 2618 neten
947 2563 989 2618 45.
1007 2563 1047 2617 95.

212 2690 242 2729 67
262 2654 465 2724 conciderit]
494 2655 545 2709 Om
568 2655 647 2709 tallet
670 2671 698 2708 se
720 2658 803 2708 neten
826 2654 897 2709 till.
920 2654 961 2709 35.
980 2653 1014 2707 77
1038 2654 1116 2721 (hvon
1137 2652 1317 2720 fortaellingen

262 2744 364 2813 findas).
392 2745 594 2814 Konjunktiven
612 2745 660 2800 her
677 2763 711 2815 og
728 2746 739 2798 i
757 2746 905 2814 eaetningen
919 2746 1150 2814 meod-potuerit
1161 2760 1189 2796 er
1202 2741 1317 2811 grundet

262 2834 305 2904 pt,
322 2838 351 2888 at
368 2834 441 2889 disse
459 2838 602 2905 seetninger
620 2854 676 2890 som
695 2836 877 2904 appositioner
894 2836 927 2894 til
946 2842 1055 2890 ostenta
1068 2835 1153 2888 bliver
1167 2831 1318 2900 athaengige

261 2925 293 2978 af
309 2928 422 2981 collecta
438 2934 505 2982 suat
521 2927 598 2994 (eller
610 2930 708 2980 rettere
723 2926 770 2980 det
784 2925 840 2978 deri
854 2925 979 2994 liggende
994 2924 1092 2993 begreb
1108 2941 1151 2977 »er
1165 2923 1319 2988 emtalter):

261 3017 339 3084 quod
355 3016 417 3070 med
434 3016 596 3085 konjunktiv
613 3017 742 3086 betegner
760 3015 862 3070 strodes
879 3015 925 3069 det
938 3014 1084 3068 refererede
1097 3031 1154 3067 som
1165 3015 1254 3081 neget,
1272 3011 1319 3065 der

261 3105 293 3159 af
308 3122 341 3159 en
359 3105 446 3160 enden
463 3107 506 3174 (Q.
527 3107 630 3175 Cicero)
648 3124 676 3161 er
693 3107 849 3161 hemstillet
867 3121 924 3159 som
942 3105 1052 3159 faktisk.
1095 3103 1189 3158 Stedet
1206 3101 1318 3156 emtales

263 3195 373 3265 Madvig
392 3213 483 3265 opusc.
504 3197 567 3253 ae.¹
584 3214 609 3266 p.
628 3197 678 3251 591
697 3214 731 3266 og
750 3198 783 3251 de
800 3197 872 3261 fim⁸
888 3212 913 3264 p.
931 3195 972 3249 52.
1002 3194 1105 3264 primi
1122 3192 1271 3261 hastati]
1291 3207 1320 3246 se

263 3289 346 3340 neten
362 3286 385 3341 Ι.
404 3286 444 3341 35.
463 3287 504 3343 77.
547 3285 742 3358 evellebat]
758 3289 866 3355 tmperf.
887 3294 1011 3341 conatae.
1053 3283 1218 3353 fidenter]
1244 3281 1320 3337 »med

263 3376 363 3446 frejdig
375 3378 517 3433 sikherhed
533 3379 721 3449 (suffisanee)‹.
746 3378 828 3432 Nam
846 3377 1009 3445 Dionysii
1027 3419 1032 3431 .
1048 3418 1053 3429 .
1070 3375 1088 3445 .]
1106 3374 1139 3429 Se
1153 3374 1174 3428 I.
1186 3373 1271 3428 3373
1286 3389 1321 3442 og

264 3483 308 3520 om
326 3484 393 3522 nam
409 3469 432 3524 I.
451 3470 491 3524 15.
510 3470 551 3524 26,
579 3470 645 3523 vim
663 3469 784 3523 habuit
802 3466 943 3535 ostenti]
965 3466 1029 3520 »har
1046 3465 1102 3519 ibet
1119 3465 1246 3533 virkning
1263 3480 1321 3518 som

264 3560 293 3610 et
307 3557 446 3629 jaertegn«,
461 3560 494 3629 jf.
513 3560 533 3615 Ι.
552 3561 593 3614 33.
612 3560 653 3614 73.
680 3559 724 3613 At
741 3557 1025 3613 Leoedaemoniis
1045 3598 1050 3611 .
1070 3598 1076 3610 .
1096 3555 1113 3624 .]
1134 3554 1199 3608 sel.
1219 3554 1259 3609 34.
1278 3553 1320 3611 74.

221 3674 224 3679 >
264 3649 484 3719 eiusdemque
507 3651 561 3705 dei
578 3650 706 3704 Thebis
724 3647 852 3718 valvae]
877 3663 904 3701 se
922 3650 1004 3700 noten
1021 3647 1043 3701 I.
1064 3645 1103 3699 19.
1122 3644 1323 3700 37771αά077-

265 3740 337 3793 abem
355 3740 486 3809 Debrtim
507 3741 539 3810 js.
559 3740 647 3794 straks
664 3739 792 3794 nedenfor
809 3740 840 3793 in
859 3738 1005 3807 Lysandri
1020 3742 1132 3792 statuae
1150 3737 1241 3804 capite
1260 3734 1323 3789 Det

263 3832 337 3898 ptis.
366 3832 524 3901 sublime]
544 3847 571 3885 a:
590 3833 620 3885 tn
634 3832 804 3899 pariendum
824 3845 881 3882 som
896 3827 1075 3895 modsaetning
1088 3826 1123 3878 til
1137 3827 1214 3880 humi
1224 3825 1323 3893 bruges
1409 3867 1414 3877 .

266 3921 313 3974 det
331 3921 396 3991 ogei
413 3923 488 3977 Tereo.
507 3923 530 3977 1.
548 3916 785 3976 43102tumiae
803 3935 841 3971 an
858 3917 971 3971 sublime
989 3917 1050 3986 (rtil
1068 3916 1168 3984 vejrsrb
1183 3923 1321 3984 putescat.

268 4012 327 4064 Den
351 4013 486 4082 egentlige
511 4009 750 4066 adverbiumsform
775 4009 928 4063 sublimiter
950 4007 1074 4075 (sublime
1096 4021 1124 4059 er
1147 4009 1272 4060 neutrum
1296 4004 1326 4059 ef

267 4101 427 4170 adJ'ektivet)
445 4102 542 4171 bruges
560 4102 616 4154 kun
634 4099 751 4169 sjaelden.
