2942 4625
555 386 623 441 LIB.
641 386 677 441 11.
695 387 737 441 45.
756 386 867 441 94-46.
885 387 926 442 97.
1207 375 1266 434 183
1310 408 1315 419 ·

199 588 465 652 :restituerentur
493 589 526 649 et
554 587 795 666 corrigerentur
818 586 858 649 ab
882 589 1009 661 natura,
1040 603 1114 649 oum
1137 605 1171 650 se
1194 587 1267 668 ipsa

209 698 404 771 revocasset,
435 696 493 757 aut
522 697 590 757 arte
622 695 720 774 atque
743 692 932 757 medicina?
950 692 1007 770 ut,
1039 712 1178 773 quorum
1200 695 1266 757 lin·

200 820 292 882 ‘garae
323 803 370 867 sic
398 802 616 878 inhaererent,
648 804 685 864 ut
713 801 804 881 loqui
835 819 901 863 non
928 791 1072 882 possent,
1102 819 1157 864 cae
1181 801 1266 865 soal-

208 910 295 991 pello
318 912 464 973 resectae
485 909 715 972 liberarentur.
757 908 857 971 Multi
880 909 979 971 etiam
994 911 1132 972 naturae
1147 908 1266 972 vitium

199 1016 423 1080 'meditatione
453 1020 551 1097 atque
582 1016 813 1079 exercitatione
843 1016 1060 1094 sustulerunt,
1084 1019 1122 1079 ut
1144 1016 1265 1079 Demo-

200 1125 359 1188 sthenem
376 1124 491 1188 scribit
502 1123 692 1201 Phalereus,
709 1143 785 1188 cum
799 1124 858 1187 rho
872 1123 979 1187 dicere
991 1124 1153 1204 nequiret,
1174 1141 1264 1187 eror-

199 1217 365 1295 citatione
395 1231 523 1308 fecisse,
551 1234 588 1295 ut
612 1231 815 1313 planissume
839 1231 972 1295 diceret.
1018 1230 1109 1309 Quod
1133 1231 1160 1294 si
1183 1232 1264 1295 haec

198 1342 295 1404 astro
318 1340 512 1420 ingenerata
534 1342 567 1403 et
589 1339 712 1403 tradita
735 1342 856 1417 esseut,
884 1339 977 1402 nulla
999 1358 1051 1403 res
1075 1357 1112 1402 ea
1134 1342 1263 1403 mutare

206 1449 328 1529 posset.
375 1446 486 1524 Quid?
515 1446 751 1511 dissimilitudo
778 1448 925 1511 locorum
952 1465 1060 1510 nonne
1092 1446 1262 1511 dissimilis

205 1555 377 1618 hominum
399 1556 642 1635 procreationes
666 1554 790 1618 habet?
813 1573 893 1636 quas
917 1554 1050 1634 quidem
1074 1572 1262 1635 percurrere

196 1664 354 1726 *oratione
369 1662 464 1726 facile
482 1665 542 1738 est,
567 1663 646 1742 quid
662 1662 750 1725 iuter
765 1661 865 1725 Indos
882 1664 915 1724 et
930 1661 1058 1738 Persas,
1082 1661 1262 1743 Aethiopas

196 1768 361 1852 -et'Syros
385 1769 514 1833 differat
538 1770 738 1852 corporibus,
763 1769 891 1846 animis,
919 1771 956 1832 ut
979 1769 1182 1832 incredibilis
1205 1788 1262 1832 va-

205 1878 306 1940 rietas
335 1876 636 1956 dissimilitudoque
665 1877 719 1940 sit.
771 1876 818 1939 Er
847 1895 911 1956 quo
939 1876 1154 1956 intellegitur,
1185 1877 1260 1958 plus
1278 1879 1313 1932 97

195 1986 368 2047 'terrarum
392 1986 476 2048 situs
501 2003 598 2065 quam
620 1984 718 2047 lunae
742 1985 852 2048 tactus
869 1983 909 2047 ad
925 1983 1128 2047 nascendum
1142 1984 1260 2048 valere.

205 2091 290 2157 Nam
320 2091 407 2171 quod
437 2094 540 2169 aiunt,
571 2090 813 2181 quadringenta
841 2093 1053 2172 septuaginta
1080 2091 1171 2154 milia
1202 2110 1261 2155 an·

200 2392 301 2461 tnrlige
323 2391 541 2448 misdannelsen.
584 2409 618 2446 se
641 2392 717 2460 ipsa
741 2387 947 2461 revocasset]
975 2390 1039 2444 »har
1061 2390 1137 2444 rtdet
1155 2391 1208 2444 hod
1225 2391 1260 2460 pt

193 2482 245 2550 -sig
263 2482 343 2535 selu«.
384 2485 456 2535 arte
475 2485 574 2551 atque
592 2481 771 2549 medicina]
790 2479 820 2535 ἓν
838 2475 882 2534 διὰ
900 2482 984 2535 δυοῖν.
1026 2481 1258 2550 meditatione]

192 2576 345 2641 synonymt
368 2572 429 2625 med
453 2575 656 2627 exercitatione.
698 2571 838 2640 Ligeledes
855 2573 933 2640 -siger
952 2571 1043 2626 Cicero
1067 2574 1100 2625 de
1119 2589 1158 2627 cr.
1177 2571 1198 2627 I.
1217 2573 1258 2626 61.

192 2661 253 2715 5260
270 2662 280 2714 i
298 2662 469 2731 gengivelsen
488 2661 518 2715 af
534 2679 634 2715 eamme
652 2662 809 2731 fortaelling:
829 2679 942 2730 cumque
959 2665 1000 2717 ito
1018 2663 1116 2716 bubus
1134 2671 1210 2731 esset,
1228 2673 1260 2720 ut

201 2754 261 2804 etna
278 2754 367 2819 absim
386 2754 463 2816 orob,
489 2754 535 2806 cui
550 2753 680 2820 studeret,
699 2754 745 2820 (sc.
765 2752 813 2824 τῆς
831 2751 984 2827 ῥητορικῆς)
1000 2755 1121 2821 primum
1139 2753 1259 2808 litterum

193 2858 259 2894 ¹oon
275 2849 368 2909 posset
385 2842 484 2910 dicere,
500 2845 619 2910 perfecit
635 2844 850 2907 meditando,
869 2850 901 2896 ut
917 2860 996 2897 nemo
1011 2844 1127 2910 plonius
1145 2860 1202 2897 ease
1220 2845 1257 2897 lo-

199 2939 282 2986 cutus
304 2939 463 3000 putaretur.
514 2932 710 3001 Phalereus]
744 2933 895 2987 Demetrioe
922 2933 963 2986 fra
990 2932 1118 3001 Fulmen,
1144 2933 1257 2987 Athen's

199 3023 457 3090 regent318-307‚
483 3023 601 3076 behendt
628 3040 684 3077 som
711 3023 803 3077 filosof
827 3039 861 3091 og
886 3023 954 3076 taler
977 3039 1011 3091 og
1033 3039 1089 3076 som
1114 3040 1147 3076 en
1169 3027 1259 3093 meget

199 3110 324 3180 frngtbar
341 3112 477 3177 forfatter3
498 3115 550 3168 alla
568 3114 636 3167 hans
655 3114 764 3167 skrifter
782 3129 810 3167 er
827 3114 903 3168 tabte
921 3130 965 3168 nu.
1005 3112 1019 3166 f
1023 3113 1144 3183 ecisse]
1164 3114 1257 3168 Mtehe

200 3203 320 3267 efferasse
333 3202 374 3270 (C.
385 3204 415 3258 F.
425 3204 465 3257 W.
476 3204 591 3271 Miller).
616 3204 804 3258 dissimilis
822 3204 848 3257 h.
867 3205 1129 3272 procreationes
1147 3204 1256 3274 habet]

192 3307 228 3347 o:
246 3292 378 3347 medferer
394 3294 682 3363 raceforskellighoder.
727 3294 810 3363 quid
833 3296 924 3348 iuter
942 3337 947 3349 .
967 3336 973 3349 .
994 3296 1010 3364 .]
1030 3294 1123 3349 Denue
1142 3297 1257 3365 saetning

199 3382 258 3436 stir
276 3384 284 3435 i
303 3385 456 3452 apposition
473 3384 507 3437 til
530 3402 613 3453 quam
635 3385 668 3452 js.
686 3385 696 3437 i
713 3385 748 3438 94
767 3402 839 3453 quoe
857 3404 875 3438 a
893 3387 1056 3451 tuno—fiut.
1096 3389 1133 3439 ut
1156 3387 1257 3440 incre-

192 3472 326 3537 dibilis
345 3518 350 3528 .
370 3518 375 3527 .
397 3475 413 3543 .]
432 3475 627 3544 felgesaetning.
655 3476 867 3544 corporibus,
886 3476 1021 3544 animis]
1041 3476 1188 3545 asyndeton
1205 3476 1256 3530 ved

198 3566 228 3616 to
246 3563 462 3633 modsatninger,
480 3566 527 3619 der
544 3566 671 3620 omfatter
689 3570 716 3620 et
733 3566 794 3620 hele
813 3566 917 3635 (Μυυ.3
934 3567 952 3633 ξ
970 3566 1040 3634 434).

198 3653 239 3707 ad
260 3655 461 3709 nascendum
484 3657 604 3729 valere]
630 3657 684 3710 Det
702 3673 730 3710 er
747 3657 802 3710 ofte
819 3656 944 3711 tilfoeldet
961 3657 1011 3710 ved
1028 3658 1121 3711 velue
1138 3672 1172 3724 og
1189 3656 1255 3725 lign-
1275 3670 1302 3710 ar

192 3745 267 3798 ende
285 3745 392 3815 udtryh‚
410 3750 438 3799 at
456 3747 594 3815 subjehtet
610 3747 673 3800 ikke
690 3748 779 3816 tillige
797 3764 825 3801 er
842 3746 888 3800 det
904 3748 1008 3817 logiske
1026 3746 1135 3816 eubjekt
1151 3746 1193 3800 for
1210 3746 1256 3800 det

199 3836 250 3889 ved
269 3837 308 3890 ud
324 3836 487 3906 tilknyttede
505 3837 664 3905 gerundium
682 3838 843 3906 (gerundiv),
862 3837 964 3891 siledes
982 3838 1017 3892 Il.
1029 3838 1068 3892 16.
1079 3837 1121 3906 37,
1143 3838 1254 3906 54112,

194 3926 234 3980 de
253 3928 298 3992 off.
316 3927 353 3981 Π.
372 3927 395 3980 2.
415 3928 439 3996 6,
463 3926 538 3982 Caes.
557 3929 581 3982 b.
604 3928 637 3984 G.
655 3928 701 3982 VI.
720 3929 762 3983 30.
804 3929 884 3983 Nam
909 3929 995 3997 qnod
1017 3930 1115 3983 aiunt
1134 3971 1139 3981 .
1159 3970 1165 3983 .
1184 3929 1201 3996 .]
1226 3944 1254 3981 ee

198 4015 220 4071 1.
241 4017 280 4070 19.
300 4018 340 4072 36.
383 4018 432 4073 Om
451 4036 517 4072 uum
535 4035 562 4072 se
580 4022 661 4072 neten
679 4019 700 4072 Ι.
721 4019 761 4073 15.
780 4018 828 4082 26;
846 4019 907 4073 med
925 4037 990 4073 nune
1008 4020 1083 4087 quod
1101 4021 1181 4072 uiuat
1198 4019 1254 4070 ind·

194 4105 271 4161 ledes
290 4109 345 4162 ofte
363 4108 512 4162 anferelseu
530 4125 564 4177 og
581 4109 767 4177 gendrivelsen
785 4108 816 4164 af
830 4126 862 4163 au
881 4110 966 4162 tankt
983 4108 1156 4175 induending,
1175 4124 1254 4162 cecc-
