2942 4625
244 343 306 403 130
509 357 703 412 CICERONIS
722 357 773 410 DE
791 358 1034 413 DIVINATIONE

242 558 325 620 tutis
350 558 437 620 esset
459 557 647 621 habiturus!
690 557 855 621 Abeamus
879 577 897 621 a
920 557 1052 635 fabulis
1076 561 1229 642 propiora
1252 563 1306 625 vi-

243 663 393 727 deamus!
429 662 693 728 Clarissimorum
715 665 886 729 hominum
909 668 1040 730 nostrae
1064 668 1209 731 civitatis
1227 688 1306 749 gra-

242 773 394 834 vissimos
415 773 520 835 exitus
537 774 573 835 in
589 770 820 836 Consolatione
837 773 1039 853 collegimus.
1074 774 1159 853 Quid
1176 776 1306 856 Igitur?
1336 788 1347 793 ’

242 882 280 942 ut
313 880 505 943 omittamus
534 880 728 961 superiores,
759 879 912 944 Mareon'e
943 879 1059 945 Crasso
1089 886 1186 964 putas
1205 884 1304 949 utile

241 986 344 1051 fuisse
373 989 455 1063 tum,
486 1004 561 1050 eum
588 989 750 1051 maxumis
781 989 898 1070 opibus
921 988 1129 1071 fortunisque
1152 990 1304 1068 florebat,

242 1097 325 1159 seire
350 1094 413 1158 sibi
435 1094 610 1159 interfecto
625 1094 746 1159 Publio
769 1096 837 1159 filio
858 1097 1067 1176 exereituque
1084 1097 1191 1161 deleto
1207 1101 1299 1162 trans

240 1203 443 1285 Euphratem
467 1220 541 1265 enm
564 1202 747 1282 Ignominia
763 1206 796 1266 et
812 1202 967 1267 dedeoore
985 1223 1055 1268 esse
1072 1205 1275 1286 pereundum
1283 1208 1304 1269 l*

241 1313 293 1373 An
312 1309 369 1374 Cn.
387 1310 582 1392 Pompeium
598 1327 712 1374 oenses
728 1311 835 1374 tribus
852 1312 920 1375 suis
938 1312 1174 1389 consulatibus,
1191 1314 1303 1377 tribus

239 1419 428 1500 triumphis,
458 1418 673 1481 maximarum
702 1436 811 1482 rerum
835 1419 939 1499 gloria
961 1420 1163 1484 laetaturum
1184 1420 1302 1497 fuisse,

240 1527 268 1589 si
297 1526 396 1588 seiret
427 1543 460 1588 se
491 1527 526 1588 in
556 1526 735 1589 solitudine
759 1529 997 1609 Aegyptiorum
1023 1527 1228 1591 trucidatum
1244 1530 1298 1612 *iri

239 1634 360 1697 amisso
384 1635 538 1709 exereitu,
562 1636 637 1715 post
660 1637 800 1698 mortem
817 1653 891 1698 vero
910 1653 948 1698 ea
964 1637 1190 1713 consecutura,
1215 1652 1302 1716 quae

187 1759 221 1811 23
239 1743 309 1804 siue
341 1741 485 1804 laerimis
513 1760 579 1805 non
607 1761 783 1822 possumus
814 1741 944 1806 disere?
999 1742 1085 1821 Quid
1114 1761 1188 1805 vero
1217 1741 1303 1822 (lae-

239 1867 345 1912 sarem
379 1851 545 1931 putemne,
581 1851 609 1913 si
644 1849 835 1926 divinasset,
871 1849 939 1913 fore
971 1852 1006 1913 ut
1036 1852 1071 1913 in
1102 1832 1139 1913 eo
1170 1853 1300 1926 senatu,

238 1974 336 2036 quern
364 1956 486 2019 maiore
518 1975 555 2019 ex
583 1960 675 2038 parte
704 1958 775 2039 ipse
800 1960 997 2039 cooptasset,
1025 1959 1060 2021 iu
1083 1959 1175 2020 ouria
1198 1944 1301 2020 Pom-

238 2065 312 2146 peia
335 2067 412 2128 ante
435 2065 541 2146 ipsius
564 2064 714 2147 Pompeii
738 2065 951 2129 simulacrum
974 2067 1025 2128 tot
1048 2065 1301 2128 centurionibus

238 2175 307 2236 suis
330 2173 596 2254 inspeetautibus
617 2192 635 2236 a
654 2173 881 2237 nobilissumis
898 2172 1036 2247 uiribus,
1060 2173 1181 2254 partim
1198 2173 1297 2236 etiarn

238 2298 313 2344 ase
346 2280 497 2344 omnibus
527 2280 624 2345 rebus
646 2283 790 2358 ornatis,
818 2280 1004 2346 trueidatus
1028 2282 1075 2345 ita
1098 2281 1229 2358 iaeeret,
1259 2282 1302 2344 ut

238 2389 279 2451 ad
309 2390 379 2452 eius
410 2407 529 2471 eorpus
552 2408 619 2452 non
642 2390 737 2454 modo
762 2390 951 2467 amicorum,
984 2389 1104 2453 sedne
1129 2408 1298 2453 servorum

239 2496 371 2578 quidem
394 2498 569 2577 quisquam
592 2496 785 2560 aeoederet?
809 2516 872 2578 quo
898 2498 1046 2561 erueiatu
1070 2497 1172 2560 animi
1194 2499 1301 2561 vitam

238 2606 390 2668 acturum
413 2602 541 2668 fuisse?
586 2603 680 2668 Certe
703 2607 807 2685 igitur
829 2607 992 2685 ignoratio
1015 2606 1202 2669 futurorum
1225 2622 1299 2668 ma-

185 2723 220 2775 24
237 2713 345 2776 lorum
376 2711 490 2775 utilior
520 2715 570 2775 est
603 2731 700 2793 quam
730 2714 879 2776 seientia.
935 2714 1020 2776 Nam
1049 2711 1133 2776 illud
1163 2711 1296 2792 quidem

202 2995 219 3047 9
238 2993 492 3061 Consolatione]
512 3010 540 3046 se
559 2994 582 3048 1.
600 2994 625 3048 3.
666 2994 754 3047 utile
772 2993 892 3062 fuisse]
913 3015 942 3040 =
962 3011 989 3047 u.
1007 2995 1132 3060 futurum
1149 2994 1236 3058 fuisse
1252 2991 1300 3059 (J'f.

190 3065 217 3104 ²²
236 3084 330 3138 Μᾱν.8
347 3085 364 3152 ξ
382 3084 433 3138 306
456 3083 473 3136 b
498 3101 568 3138 anm.
592 3085 626 3153 1).
667 3084 781 3138 tribus
805 3085 875 3137 suis
898 3082 1154 3149 consulatibus,
1178 3081 1299 3134 tribus

236 3174 432 3242 triumphis]
452 3174 595 3242 Pompeius
613 3191 660 3228 rer
678 3175 775 3228 konsul
793 3174 823 3228 dr
835 3175 877 3242 70,
894 3174 929 3227 55
947 3189 982 3241 og
994 3173 1036 3241 52,
1054 3172 1108 3226 han
1123 3172 1299 3226 triumferede·

236 3266 265 3319 ir
282 3266 325 3334 81,
343 3264 376 3318 71
395 3280 430 3332 og
447 3265 487 3319 61.
525 3265 555 3318 si
573 3266 689 3333 sciret]
704 3288 739 3328 ι---
758 3268 785 3319 oi
801 3267 897 3320 remeet
913 3263 1019 3333 (Mdv.⁸
1035 3264 1052 3331 ξ
1070 3263 1122 3317 305
1139 3280 1153 3316 e
1171 3279 1241 3317 anm.
1259 3263 1295 3330 1).

236 3358 268 3409 in
287 3355 479 3410 solitudine
496 3356 584 3424 Aeg]
602 3355 707 3409 Miudre
724 3355 872 3424 nejagtIgt;
891 3355 945 3408 han
963 3354 1025 3408 blev
1043 3354 1148 3423 myrdet
1165 3356 1175 3407 i
1194 3371 1226 3407 en
1242 3351 1295 3406 bid

234 3465 289 3501 naer
311 3447 361 3501 red
385 3446 519 3499 Pelusiou.
560 3463 597 3499 ea
620 3450 847 3500 consecutura
865 3489 871 3501 .
891 3488 897 3500 .
916 3446 933 3514 .]
958 3445 1060 3513 nemlig
1084 3443 1203 3498 Caesar's
1230 3443 1295 3512 regi·

236 3542 334 3592 mente.
1129 3589 1133 3595 .

189 3646 216 3686 aa
237 3629 324 3694 Quid
350 3643 429 3680 vero
454 3625 630 3680 Caesarem
656 3629 814 3696 putamus
837 3668 843 3681 .
869 3669 874 3680 .
900 3626 917 3693 .]
942 3625 1036 3679 Mdv.⁸
1058 3625 1076 3693 ξ
1098 3625 1150 3679 349
1176 3640 1246 3678 anm.
1270 3623 1298 3678 5,

235 3721 330 3773 ouria
347 3717 514 3785 Pompeia]
533 3716 676 3785 Pompeius
695 3717 798 3785 opferte
817 3733 850 3770 en
867 3716 989 3785 bygning
1003 3716 1037 3769 til
1051 3717 1120 3784 brug
1133 3714 1184 3768 ved
1197 3717 1296 3769 senats·

234 3811 333 3864 moder.
374 3808 452 3863 Efter
475 3809 504 3859 at
523 3805 622 3860 Caesar
642 3825 690 3861 var
713 3807 798 3861 draebt
816 3808 826 3859 i
844 3807 904 3876 den,
928 3807 990 3861 blev
1014 3806 1066 3860 den
1082 3806 1178 3859 lukket
1195 3805 1237 3859 for
1253 3805 1296 3859 be

235 3901 352 3970 standig.
396 3897 530 3968 partim]
558 3897 689 3966 ›tildels‹‚
711 3898 743 3966 jf.
769 3898 844 3955 Verr.
862 3897 898 3952 Π.
917 3897 958 3952 65.
977 3897 1036 3954 158.
1072 3897 1144 3950 eius
1163 3897 1295 3964 eorpus]

234 3992 297 4045 ikke
314 4009 403 4059 mum,
421 3990 478 4042 idet
496 3986 717 4057 felgesaetningen
735 3988 798 4041 ikke
817 4004 845 4041 er
857 3987 930 4057 gjort
943 3987 1080 4056 aihaengig
1095 3987 1126 4040 af
1138 3988 1299 4055 divinasset,

234 4098 296 4135 rnen
314 4082 422 4149 udsiges
441 4095 498 4133 som
517 4083 544 4133 et
561 4079 691 4133 historiali
709 4077 823 4133 faktum.
