2942 4625
248 352 311 412 216
512 360 707 416 CICERONIS
725 360 776 415 DE
795 357 1036 414 DIVINATIONE

247 564 462 643 interpretem
492 561 622 638 detulit,
655 561 800 642 aquilam
827 578 861 624 so
890 560 925 622 iu
955 561 1079 623 somnis
1102 558 1209 622 visum
1233 576 1304 622 esse

247 670 382 734 factum.
417 671 461 733 At
483 670 554 733 ille:
578 669 713 742 ‘uicisti;
737 669 802 732 ista
822 669 910 731 euim
926 668 978 731 avi
993 667 1082 731 volat
1097 668 1190 729 nulle
1206 668 1304 730 vehe-

245 776 410 841 mentius)
461 777 549 840 Huic
571 775 678 841 eidem
701 776 862 859 Antipho:
892 774 1000 850 ‘baro'
1024 775 1144 854 iuquit,
1169 776 1304 839 ‘victum

244 888 278 948 te
308 903 379 949 esse
407 903 474 948 non
502 883 617 949 vides?
644 886 709 948 ista
732 886 821 947 euim
844 884 913 947 avis
936 882 1103 947 insectans
1127 883 1208 947 alias
1233 883 1303 946 eris

178 1030 228 1084 145
246 995 279 1056 et
302 994 433 1073 agitans
456 1010 584 1074 semper
606 995 678 1074 ipsa
702 995 867 1073 postrema
891 990 961 1054 est!
1000 990 1118 1054 Parere
1143 991 1304 1071 quaedam

244 1102 396 1164 matrona
425 1102 562 1182 cupiens
591 1100 758 1175 dubitans,
788 1101 917 1163 essetne
941 1117 1136 1180 praegnans,
1159 1098 1229 1162 risa
1253 1101 1304 1163 est

245 1208 280 1270 in
311 1207 421 1287 quiete
451 1207 659 1288 obsignatam
687 1208 808 1271 habere
830 1209 994 1270 naturam.
1038 1206 1191 1270 Rettulit.
1236 1206 1304 1270 Ne·

246 1314 337 1395 gavit
352 1332 433 1390 eam,
450 1316 606 1396 quoniam
621 1314 796 1395 obsignata
810 1314 940 1391 fuisset,
957 1316 1129 1396 concipere
1144 1315 1303 1396 potuisse.

245 1425 290 1485 At
319 1423 402 1485 alter
432 1424 669 1505 praegnantem
692 1440 763 1485 esse
788 1422 885 1498 dixit3
914 1441 991 1486 uam
1014 1423 1111 1486 inane
1136 1422 1303 1503 obsignari

245 1530 329 1593 nihil
353 1530 466 1594 solere.
501 1529 590 1608 Quae
614 1533 665 1594 est
686 1549 738 1594 ars
755 1531 950 1595 coniectoris
966 1530 1131 1594 eludentis
1146 1530 1302 1610 ingenio?

245 1656 288 1702 au
304 1656 351 1714 ea,
375 1655 458 1719 quae
475 1636 551 1715 dixi,
575 1641 607 1702 et
622 1638 887 1715 innumerabilia
912 1656 994 1718 quae
1015 1638 1165 1702 conlecta
1180 1638 1303 1701 habeut

246 1744 359 1823 Stoici,
392 1747 569 1826 quicquam
598 1745 788 1826 significant
815 1746 881 1809 nisi
911 1763 1049 1810 acumen
1071 1746 1241 1809 hominum
1265 1765 1304 1809 ex

245 1852 464 1917 similitudine
492 1853 603 1934 eliqua
630 1854 854 1917 coniecturam
880 1853 976 1917 modo
999 1855 1074 1930 huo,
1102 1852 1199 1917 modo
1221 1853 1303 1917 illuc

245 1960 460 2025 ducentium?
501 1960 622 2025 Medici
645 1962 740 2041 sigua
764 1960 925 2041 quaedum
947 1960 1071 2025 habent
1094 1980 1132 2025 ex
1154 1963 1245 2025 venis
1269 1964 1303 2026 et

245 2069 366 2150 spiritu
398 2069 524 2148 aegroti
550 2069 731 2149 multisque
762 2086 800 2132 er
822 2068 897 2132 aliis
920 2067 1033 2132 futura
1056 2070 1302 2152 praesentiunt,

245 2174 491 2255 gubernatores,
520 2194 595 2244 cum
625 2176 822 2240 exsultantis
856 2176 1022 2256 lolligines
1056 2176 1211 2240 viderunt
1244 2180 1302 2241 aut

246 2282 418 2365 delphInos
450 2301 484 2347 se
514 2284 549 2349 iu
584 2287 716 2367 portum
750 2284 960 2361 conicientes,
991 2287 1223 2367 tempestatem
1257 2286 1302 2348 si·

245 2390 395 2471 gnificari
418 2395 548 2473 putant.
593 2391 682 2455 Haeo
705 2393 833 2456 rotinus
857 2392 1013 2475 explicari
1036 2396 1068 2456 et
1092 2393 1133 2455 ad
1149 2395 1304 2457 naturam

244 2500 390 2563 revocari
417 2498 514 2563 facile
543 2503 692 2582 possunt,
722 2518 760 2563 ea
782 2518 868 2574 vero,
897 2518 979 2580 quae
1003 2500 1102 2583 paulo
1126 2503 1202 2564 aute
1226 2499 1302 2577 dixi,

245 2606 338 2670 nullo
361 2607 467 2670 modo.

309 2715 363 2776 ‘At
386 2715 475 2778 euim
498 2714 681 2779 observatio
705 2713 864 2779 diuturna
879 2751 920 2761 -
935 2716 1017 2778 haec
1039 2717 1128 2778 enim
1145 2734 1221 2798 pars
1237 2735 1303 2779 une

244 2824 349 2886 restat
376 2859 417 2867 —
440 2822 595 2886 notandis
625 2823 723 2885 rebus
753 2822 833 2886 fecit
867 2821 991 2886 artem'
1047 2823 1112 2885 Ain
1146 2822 1302 2887 tandem?

245 2931 372 2993 somnia
400 2930 565 2994 observari
595 2932 759 3012 possunt?
791 2948 933 3011 quonam
959 2928 1078 2993 modo?
1108 2934 1187 2993 suut
1215 2931 1302 2994 enirn

1070 3149 1301 3156 ——-——..-....

243 3260 343 3328 patri]
369 3276 396 3313 se
417 3260 439 3315 I.
457 3260 482 3315 3.
500 3262 524 3314 6.
568 3261 708 3331 Vicisti]
737 3261 893 3315 Perfelrtum
920 3261 1073 3330 udtryklrer,
1101 3262 1225 3316 etaerlrere
1253 3263 1304 3316 end

242 3352 333 3404 uinces
351 3351 467 3420 ovenfou
487 3354 515 3405 at
533 3351 620 3420 sejren
639 3352 753 3406 allerede
772 3369 800 3406 er
818 3352 902 3405 silrret
920 3351 970 3406 ved
988 3352 1133 3407 drommen.

186 3450 224 3490 145
243 3439 408 3510 Rettulit]
432 3458 470 3496 eo.
496 3442 536 3495 od
559 3444 750 3510 coniectorem,
777 3442 885 3496 hvorfra
912 3441 942 3496 st
969 3441 1107 3510 subjektet
1133 3443 1168 3496 til
1194 3446 1305 3512 negavit

244 3529 435 3584 underforstais.
472 3531 563 3597 Quae
582 3533 853 3601 eet-iugenio?]
874 3532 956 3585 »hvor
973 3532 1059 3586 bliver
1077 3532 1259 3587 videuskaben
1277 3534 1307 3587 af

244 3620 293 3673 hos
312 3620 542 3690 dremmetyderen
560 3622 645 3677 under
662 3623 730 3677 hans
749 3623 793 3691 leg
806 3622 867 3676 med
882 3622 1094 3691 andnghederu
1123 3623 1161 3676 At
1173 3623 1304 3692 indskyde

243 3713 299 3766 isto
326 3711 394 3765 efter
421 3719 471 3780 eat,
499 3729 556 3766 som
582 3714 662 3782 nogle
688 3713 739 3782 vil,
767 3730 796 3767 er
821 3713 1010 3781 nnodvendIgt.
1062 3729 1099 3766 er
1125 3712 1232 3783 venis]
1263 3713 1308 3768 »af

243 3801 363 3869 pulsem.
413 3802 622 3857 exsultantis
654 3803 847 3877 lolligines]
882 3803 988 3857 Samme
1020 3803 1164 3871 vejrvarsel
1191 3804 1304 3859 omtales

243 3891 313 3945 Plin.
329 3893 355 3946 d.
371 3909 398 3945 u.
414 3892 512 3947 XVIII.
528 3893 562 3947 87
581 3910 615 3963 og
632 3894 704 3948 Plut.
721 3911 766 3962 qu.
781 3901 839 3949 out.
850 3894 884 3947 18
901 3893 979 3961 (hvor
997 3910 1030 3947 eu
1047 3893 1197 3962 forklariug
1210 3894 1304 3963 gives).

193 3976 225 4028 71
245 3981 327 4035 haec
354 3983 439 4036 enirn
464 3999 540 4051 pare
564 4000 627 4037 nna
648 3984 769 4051 restat]
794 3999 821 4037 se
844 3983 1017 4053 inddelingen
1035 3984 1077 4038 60.
1096 3983 1154 4040 124.
1200 3985 1305 4039 obser·

186 4046 328 4141 1⁴16vari]
356 4073 411 4126 Der
435 4088 525 4126 menes
548 4089 581 4125 en
608 4073 831 4141 systematislr
858 4073 1026 4142 iagttagelse.
1071 4076 1302 4145 concursatio]
