2942 4625
518 383 586 438 urs.
605 383 643 438 u.
661 384 702 437 ae.
721 383 832 438 ss-ar.
851 384 892 440 ao.
999 440 1004 464 1
1172 371 1235 434 153

178 577 260 643 Cum
287 581 391 661 igitur
419 583 480 646 hoo
510 584 633 647 animal
661 586 731 647 tam
759 584 804 647 sit
832 602 987 647 oanorum
1016 604 1075 648 sua
1106 587 1234 666 sponte,

179 687 257 768 quid
288 689 324 752 in
351 693 497 754 mentem
523 693 614 755 vonit
644 691 840 755 Callistheni
874 692 992 769 disere,
1027 692 1104 756 deos
1132 667 1234 773 ‘gallis

179 797 311 876 signum
341 797 469 862 dedisse
498 800 665 877 oeniandi,
694 818 770 863 oum
791 799 825 862 id
848 800 900 863 vel
923 803 1042 864 natura
1064 801 1116 864 uel
1138 817 1234 865 oasus

177 903 308 968 efficere
331 906 518 986 potuisset?
947 975 952 984 ,
1299 989 1302 990 ⁷

246 1010 413 1093 Sanguine
446 1013 571 1095 pluisse
606 1017 736 1078 senatui
770 1016 963 1079 nuntiatum
994 1018 1053 1091 est,
1082 984 1298 1120 1111111111ἓέ

181 1121 281 1184 etiam
303 1119 442 1184 fiuvium
463 1120 596 1185 fluxisse
619 1123 790 1202 sanguine,
816 1122 950 1187 deorum
974 1122 1236 1201 sudasselsimu·
1268 1134 1272 1140 '

180 1228 279 1291 laura.
318 1229 406 1291 Num
429 1245 553 1305 aenaea,
577 1229 629 1293 his
652 1230 780 1293 nuntiis
803 1230 934 1322 Thalen
952 1233 1009 1294 aut
1021 1231 1238 1311 Anaxagoran

182 1312 240 1400 dut
263 1354 461 1416 quemquam
491 1338 665 1419 physicum
688 1338 892 1402 crediturum
912 1337 1038 1402 fuisse?
1066 1356 1127 1402 neo
1150 1340 1238 1402 enim
1305 1360 1307 1362 ¹

182 1445 318 1524 sanguis
346 1462 407 1506 neo
436 1444 536 1508 sudor
558 1446 624 1509 nisi
647 1464 663 1509 e
687 1463 831 1527 corpore.
884 1444 945 1509 Sed
978 1448 1011 1509 et
1040 1446 1238 1511 decoloratio

183 1552 344 1635 quaedam
374 1570 412 1615 ex
443 1553 555 1633 aliqua
582 1555 777 1633 contagione
804 1556 935 1617 terrena
957 1573 1106 1617 maxume
1129 1556 1239 1636 potest

183 1662 338 1741 sanguini
361 1660 479 1724 similis
502 1679 583 1736 esse,
614 1664 647 1723 et
670 1680 765 1724 umor
787 1661 942 1742 adlapsus
966 1663 1178 1738 extrinsecus,
1203 1664 1241 1725 ut

183 1769 219 1832 in
248 1767 396 1831 tectoriis
427 1767 577 1830 videmus
609 1769 731 1845 austro,
763 1769 916 1832 sudorem
945 1769 1077 1833 videtur
1105 1769 1239 1833 imitari.

185 1877 294 1955 Atque
321 1876 402 1938 haee
429 1874 465 1936 in
491 1874 579 1937 bello
609 1875 705 1956 plura
735 1878 768 1938 et
797 1877 921 1940 maiora
943 1876 1098 1941 videntur
1119 1878 1240 1939 timen-

184 1983 286 2059 tibus,
310 1982 424 2064 eadem
446 1981 599 2044 nontam
619 1982 928 2072 animadvertuntur
943 1985 978 2047 in
995 2001 1089 2064 paoe3
1114 1983 1241 2047 aooedit

187 2089 269 2154 illud
301 2090 411 2165 etiam,
443 2088 530 2169 quod
559 2089 594 2151 in
623 2092 715 2153 rnatu
739 2094 771 2153 et
795 2091 940 2171 perioulo
965 2110 1039 2155 oum
1063 2090 1243 2153 ereduntur

185 2197 328 2273 facilius,
351 2200 424 2260 tum
446 2196 619 2277 finguntur
640 2197 809 2279 inpunius.
860 2197 927 2262 Nos
950 2201 1061 2261 autem
1083 2200 1131 2262 ita
1153 2199 1241 2262 leves
1259 2202 1302 2257 aa

186 2308 284 2388 atque
307 2303 544 2369 inoonsidorati
567 2325 690 2380 sumus,
714 2308 762 2383 ut,
786 2306 815 2369 si
837 2325 947 2370 mures
967 2307 1164 2371 corroserint
1181 2305 1241 2370 ali·

185 2414 276 2495 quid,
300 2432 440 2494 quorum
462 2414 513 2481 eat
536 2432 619 2495 opus
641 2414 703 2476 hoo
726 2433 840 2492 unum,
863 2417 1047 2478 monstrum
1064 2417 1243 2496 putemus?

186 2747 318 2815 11111111,
343 2745 483 2799 ›iorunder
506 2745 581 2799 deres
603 2745 666 2799 rede
691 2746 773 2815 svaelg
795 2749 824 2799 at
840 2746 915 2815 gale«
936 2747 1021 2815 (giver
1039 2746 1085 2799 det
1102 2746 1146 2799 lov
1163 2747 1197 2800 til
1215 2751 1244 2801 at

189 2837 266 2904 gale).
303 2832 470 2907 faucibus]
490 2863 582 2904 -νυ,
601 2854 629 2890 se
646 2840 728 2890 notan
747 2837 827 2891 120.
846 2837 881 2890 40
899 2838 1022 2892 artubus.
1048 2836 1169 2906 russis]
1190 2837 1244 2890 Der

188 2926 289 2980 taenhes
313 2926 375 2979 ikke
395 2926 430 2994 pi
451 2926 573 2996 fjerenea‚
595 2944 656 2980 men
674 2927 709 2995 pb
727 2927 798 2981 solve
817 2928 940 2995 avalgets
957 2925 1140 2996 (indvendige)
1158 2927 1244 2992 farve3
1328 2986 1330 2991 ,

190 3016 314 3071 Catullus
341 3017 438 3085 bruger
464 3017 541 3071 ordet
567 3019 617 3086 (39.
646 3018 690 3086 19)
716 3017 751 3071 til
777 3021 806 3071 at
832 3018 946 3086 betegne
973 3016 1134 3070 tandlredets
1163 3016 1243 3071 farve.

188 3108 314 3176 plausu
331 3110 488 3176 premunt
505 3108 590 3176 alas]
611 3108 728 3161 ›sanker
745 3108 881 3162 bashende
899 3107 973 3161 deres
992 3107 1108 3176 vingerr.

191 3198 362 3266 Sanguine
379 3198 510 3266 pluisse
529 3242 535 3251 .
554 3240 560 3252 .
580 3198 597 3266 .]
620 3197 671 3252 Om
690 3197 721 3252 de
740 3199 789 3252 her
805 3201 909 3252 naevnte
925 3198 1039 3266 jartegu
1057 3214 1085 3250 se
1102 3197 1124 3252 I.
1142 3197 1184 3251 43.
1203 3197 1244 3252 98.
1263 3173 1305 3284 {g

190 3288 327 3356 Thalen]
347 3304 375 3341 se
392 3290 474 3341 noten
491 3288 512 3341 I.
526 3287 568 3341 49.
585 3290 643 3342 111.
671 3292 728 3342 aut
746 3288 951 3357 quemquam]
972 3288 1052 3340 »oller
1069 3287 1246 3341 overhovedet

190 3395 308 3447 nogen‹;
336 3394 436 3431 eamme
459 3377 609 3448 betydning
632 3378 662 3432 af
681 3387 732 3433 aut
754 3378 839 3432 findes
862 3378 912 3432 ved
939 3377 985 3431 det
1011 3377 1158 3447 spargende
1185 3380 1246 3446 guas

189 3471 231 3523 41.
250 3469 284 3523 87
290 3491 295 3532 3
315 3468 381 3538 ogsi
398 3468 448 3522 ved
466 3470 568 3536 aliquas
585 3468 723 3537 (Nagelsb.
744 3469 810 3524 Lat
828 3469 883 3524 at⁸
900 3485 925 3537 p.
944 3468 1020 3522 339*
1037 3470 1052 3535 ).
1081 3484 1117 3521 ex
1135 3467 1247 3535 aliqua

191 3560 393 3627 contagione
412 3562 554 3625 terrena]
572 3575 599 3612 o:
618 3557 669 3611 ved
686 3557 811 3627 berering
827 3559 888 3613 med
907 3563 939 3612 en
957 3558 1023 3612 eller
1037 3557 1124 3611 auden
1134 3557 1246 3627 jordart.

190 3650 230 3704 Pa
253 3666 353 3703 eamme
371 3649 449 3702 mide
470 3650 599 3703 forklares
617 3648 666 3702 hos
685 3649 791 3702 Lukian
808 3651 884 3718 (περὶ
901 3648 949 3720 τῆς
966 3648 1069 3723 Συρίης
1086 3648 1157 3703 θεοῦ
1173 3649 1201 3717 8)
1220 3652 1248 3702 et

190 3740 316 3810 lignende
334 3741 465 3794 ianomen
482 3740 532 3794 ved
550 3739 638 3793 dodon
655 3740 758 3793 Adonis
775 3740 786 3793 i
804 3739 953 3811 Foinikien.
990 3740 1118 3808 austro]
1137 3738 1248 3792 udvidet

191 3832 260 3901 brug
283 3832 313 3885 ai
333 3831 422 3884 tideus
445 3830 547 3884 ablativ
564 3831 574 3883 i
592 3829 685 3900 lighed
702 3830 764 3884 med
781 3832 858 3898 ballo,
877 3845 951 3897 poca
968 3846 1021 3883 osv.
1041 3828 1145 3898 (Mdv.⁸
1162 3829 1179 3896 ξ
1196 3828 1253 3881 277·

191 3938 261 3977 anm.
280 3924 297 3976 3
315 3938 393 3991 synes
412 3921 457 3974 det
475 3920 592 3989 opfattet
609 3938 666 3974 som
684 3921 792 3975 absolut
810 3919 931 3989 ablativ).
964 3920 1015 3975 Om
1034 3917 1249 3973 sondenvindena

191 4011 335 4082 lugtighed
352 4011 446 4065 vidner
463 4011 509 4065 det
526 4011 608 4065 audet
624 4027 695 4064 narn
712 4011 748 4080 pia
765 4010 872 4079 vindan,
889 4019 972 4065 notus
985 4003 1083 4077 (νότος)
1100 4007 1165 4061 »den
1179 4007 1255 4076 fugt

191 4119 260 4173 rges

396 4282 404 4341 1
