2942 4625
611 387 679 443 nm.
698 387 719 442 1.
740 391 763 445 1.
783 390 857 445 1-1.
876 390 900 445 a.
1265 378 1285 436 5

227 590 357 654 firmata
387 607 559 665 consensu,
589 589 714 659 versari
746 590 911 670 quandam
939 590 1028 653 inter
1057 590 1206 654 homines
1237 589 1287 653 di-

227 698 440 775 vinationem,
464 716 562 778 quam
579 695 695 778 Graeci
715 700 852 781 μαντικήν
874 698 1053 780 appellant,
1076 697 1110 762 id
1127 700 1178 761 est
1193 716 1287 780 prae-

228 807 413 870 sensionem
444 808 477 869 et
508 805 680 869 scientiam
710 823 821 869 rerum
855 806 1053 869 futurarum.
1110 805 1288 885 Magnifica

228 913 389 994 quaedam
422 932 474 977 res
509 915 542 976 et
576 912 741 988 salutaris,
777 916 805 976 si
839 913 935 977 modo
966 916 1016 976 est
1044 914 1123 989 ulla,
1158 932 1287 994 quaque

227 1023 372 1105 proxime
395 1021 436 1085 ad
461 1021 596 1086 deorum
618 1020 685 1083 vim
700 1024 820 1084 natura
835 1022 984 1086 mortalis
1001 1021 1106 1102 possit
1122 1019 1286 1084 accedere.

226 1128 344 1210 Itaque
372 1134 410 1192 ut
440 1130 505 1194 alia
526 1147 587 1208 nos
609 1128 728 1192 melius
751 1130 857 1193 multa
881 1148 959 1210 qum
983 1127 1109 1204 Graeci,
1139 1129 1187 1192 sic
1209 1129 1287 1192 huic

227 1238 531 1320 praestantissimae
560 1238 607 1300 rei
636 1254 756 1299 nomen
788 1239 935 1300 nostria
966 1237 1060 1322 divis
1091 1235 1217 1314 Graeci,
1248 1241 1286 1300 ut

226 1345 323 1409 Plato
346 1347 593 1427 interpretatur,
618 1363 636 1408 a
659 1343 767 1407 furore
789 1344 962 1409 duxerunt.
997 1343 1137 1408 Gentem
1153 1344 1320 1426 quidem2

226 1454 353 1517 nullam
376 1453 470 1517 rideo
494 1471 600 1534 neque
623 1453 691 1515 tam
715 1452 893 1516 humanam
917 1455 1015 1534 atque
1032 1453 1163 1516 doctam
1178 1471 1285 1534 neque

160 1612 162 1617 .
227 1565 294 1626 tam
324 1563 490 1625 inmanem
520 1562 653 1641 tamque
677 1560 861 1639 barbaram,
893 1579 976 1641 quae
1007 1580 1074 1624 non
1104 1561 1284 1641 significari

225 1670 339 1733 futura
355 1672 388 1732 et
403 1688 422 1733 a
438 1668 636 1750 quibusdam
647 1668 798 1748 intellegi
810 1668 1020 1750 praedicique
1033 1689 1128 1750 posse
1142 1671 1283 1734 censeat.

226 1776 395 1858 Principio
418 1778 556 1859 Assyrii,
584 1780 622 1839 ut
645 1775 685 1839 ah
709 1776 848 1839 ultumis
873 1778 1104 1841 auctoritatem
1127 1779 1283 1858 repetam,

225 1888 360 1968 propter
383 1886 557 1968 planitiam
579 1884 908 1966 magnitudinemque
929 1888 1111 1965 regionum,
1136 1888 1216 1967 quas
1232 1886 1284 1948 in·

227 1993 394 2069 colebant,
435 2012 509 2057 cum
549 1994 676 2057 caelum
711 2010 749 2055 ex
783 1993 870 2055 omni
905 1997 998 2074 parte
1033 2001 1150 2075 patens
1185 1973 1283 2074 atque

227 2103 377 2182 apertum
410 2102 629 2177 intuerentur,
664 2101 876 2164 traiectiones
906 2103 1081 2181 motusque
1112 2101 1284 2164 stellarum

227 2209 519 2284 observitaverunt,
549 2207 668 2289 quihus
700 2209 834 2285 notatis,
866 2208 945 2290 quid
969 2210 1086 2289 cuique
1116 2209 1283 2288 significa-

226 2321 326 2396 retur,
350 2319 524 2381 memoriae
548 2316 775 2399 prodiderunt.
819 2317 891 2395 Qua
913 2319 949 2381 in
971 2319 1105 2381 natione
1129 2315 1285 2381 Chaldaei

226 2413 292 2490 non
316 2444 354 2489 ex
377 2427 468 2498 artis,
493 2424 549 2488 sed
574 2425 742 2505 erigentis
766 2426 925 2489 vocabulo
948 2426 1111 2501 nominati
1127 2425 1285 2489 diuturna

227 2534 454 2599 observatione
485 2532 629 2597 siderum
661 2534 834 2597 scientiam
864 2536 1033 2615 putantur·
1055 2533 1212 2610 effecisse,
1247 2536 1285 2597 ut

227 2843 336 2898 fremfor
354 2844 494 2898 Graeherne
511 2845 631 2898 hommer
649 2843 704 2897 oste
721 2844 784 2912 igen
803 2844 852 2897 hos
871 2843 972 2911 Cicero,
995 2843 1098 2897 stledes
1116 2859 1159 2897 orn
1178 2847 1285 2911 sproget

227 2936 261 2989 de
278 2935 326 3000 pan.
346 2935 367 2989 Ι.
386 2935 410 2990 3.
430 2936 471 3004 10,
490 2952 525 3004 og
542 2917 653 2988 udvidet
665 2934 735 3003 ogst
753 2934 787 2987 til
805 2934 886 2987 andre
904 2933 1010 2988 forhold
1024 2935 1100 2988 Tace.
1120 2933 1141 2988 1.
1162 2935 1224 2989 1.1.
1250 2936 1285 2986 ut

226 3025 321 3080 Plato
339 3026 589 3094 interpretatur]
609 3025 706 3079 Platon
720 3025 825 3092 adeder,
843 3041 878 3093 og
891 3025 994 3078 sihhert
1003 3025 1064 3078 med
1073 3027 1149 3103 rette,
1167 3016 1285 3098 μαντική

227 3117 257 3170 af
276 3118 362 3190 μανία
380 3115 503 3183 (Faidros
520 3134 546 3184 p.
565 3116 616 3170 244
634 3116 673 3185 f.),
697 3133 759 3170 men
784 3115 945 3185 natnrligvis
968 3116 978 3167 i
1000 3098 1195 3184 berydningen‘
1207 3114 1284 3183 ›gud-

226 3206 495 3276 domsbegejstring‹.

227 3281 470 3366 auctoritatem]
480 3302 581 3351 masten
593 3321 621 3345 =
633 3299 773 3366 originem
786 3313 864 3364 »sege
873 3296 975 3365 tilbage
984 3297 1018 3349 til
1028 3296 1061 3349 de
1070 3296 1162 3350 celdste
1172 3295 1282 3350 hilder«.
1303 3302 1316 3340 2

226 3387 442 3441 traiectiones
461 3388 643 3457 stellarum]
663 3387 721 3441 shal
740 3404 832 3455 naeppe
852 3387 957 3455 forstds,
977 3404 1034 3441 som
1050 3387 1129 3455 nogle
1141 3387 1191 3440 har
1203 3384 1283 3455 nort,

226 3494 270 3531 om
284 3477 468 3547 stjrerneshud‚
486 3478 537 3532 end
547 3478 650 3532 mirrdre
659 3496 701 3532 om
712 3479 880 3548 planetemes
890 3495 972 3547 gang3
992 3478 1021 3531 af
1033 3478 1283 3545 sammenhoengeni

226 3568 261 3623 II.
279 3569 321 3623 28.
340 3569 375 3622 60
392 3567 507 3637 fremgdr
525 3568 579 3637 det,
597 3572 626 3623 at
644 3568 689 3622 det
707 3568 752 3622 md
769 3585 836 3621 vare
854 3568 1034 3636 usadvanlige
1053 3568 1219 3636 faenumener‚
1238 3568 1284 3622 der

125 3684 128 3690 ·
226 3675 326 3728 menes,
349 3658 484 3727 ildhugler
505 3659 569 3713 eller
595 3659 729 3728 lignende.
774 3659 811 3714 Jf.
834 3661 914 3715 atella
939 3668 1133 3714 transcurrens
1152 3659 1211 3713 Sea.
1237 3676 1282 3727 qu.

227 3757 285 3804 act.
304 3749 364 3804 VII.
383 3749 424 3804 23.
443 3750 467 3804 3.
495 3749 572 3818 quid
591 3752 705 3819 cuique
724 3751 988 3819 significaretur]
1007 3750 1152 3818 Hottinger
1165 3749 1283 3818 foresldr‚

226 3842 268 3892 ret
286 3839 464 3909 sandsynligt‚
482 3857 598 3909 qaoque.
628 3840 793 3911 Chaldaei]
812 3841 963 3910 oprindelig
980 3844 1008 3894 et
1020 3841 1186 3910 Babylonish
1204 3841 1283 3895 folke-

226 3946 297 3984 navn
317 3961 348 3970 -
366 3931 533 4000 Babylonien
551 3947 586 3999 og
603 3931 730 4000 Assyrien
752 3931 801 4000 gdr
822 3932 886 3984 titi
904 3931 990 3985 etfor
1008 3932 1138 3986 Romeme
1157 3963 1197 3999 -,
1222 3949 1283 3985 men

226 4019 261 4088 pir
280 4019 395 4074 Cicero’s
413 4020 454 4074 tid
473 4025 500 4074 et
518 4021 664 4090 appellativ
685 4022 871 4090 rastrolcgerc
900 4022 962 4075 Med
980 4021 1013 4076 de
1031 4022 1221 4091 folgendecrd
1239 4022 1283 4076 ud·

225 4111 344 4181 trykhes,
372 4110 425 4164 lidt
448 4111 582 4180 uhorrelrt,
610 4111 660 4165 den
684 4113 778 4166 taulre:
806 4112 911 4166 hvilket
936 4130 1008 4167 narn
1032 4113 1182 4182 oprindelig
1205 4129 1232 4167 er
1257 4117 1284 4166 ct
