2942 4625
567 374 636 430 111.
654 374 676 430 1.
694 373 735 428 ac.
754 373 865 428 rr-ac.
883 372 924 428 10.
1233 358 1273 418 69

216 576 352 659 paruulo
376 575 550 661 dormienti
572 592 649 655 apes
673 574 708 637 in
730 572 861 636 labellis
878 571 1114 648 consedissent,
1138 590 1274 652 respon-

217 703 290 747 sum
318 686 379 760 est,
411 683 572 762 singulari
598 681 694 745 illum
723 681 886 744 suavitate
918 680 1076 743 orationis
1099 679 1178 743 fore.
1222 679 1275 751 lta

216 792 329 855 futura
352 791 541 871 eloquentia
564 789 695 871 prouisa
717 789 753 852 in
775 787 902 851 infante
922 790 980 851 est.
1017 786 1125 865 Quid?
1149 807 1274 852 amores
1293 795 1327 849 79
1437 820 1439 823 -

218 918 255 963 ac
279 900 415 962 deliciae
438 901 525 973 tuae,
549 898 698 974 Roscius,
722 916 803 959 num
827 898 884 959 aut
907 896 977 978 ipse
1001 898 1058 959 ant
1082 881 1276 978 111000111-

217 1009 354 1072 nuvium
381 1009 489 1070 totum
517 1006 763 1069 mentiebatur?
812 1002 876 1081 Qui
903 1021 978 1066 enm
1007 1006 1093 1068 esset
1117 1004 1151 1066 in
1174 1022 1276 1067 cuna-

218 1116 305 1180 bulis
340 1115 600 1194 educareturque
630 1115 666 1176 in
690 1111 833 1188 Solonio,
869 1113 926 1191 qni
959 1114 1010 1175 est
1040 1128 1175 1193 campus
1205 1113 1276 1192 agri

219 1224 392 1298 lanuvini,
416 1224 517 1285 noctu
539 1223 664 1298 lumine
688 1222 839 1302 apposito
863 1222 1050 1302 expenecta
1073 1220 1185 1282 nutrix
1204 1220 1275 1283 ani·

217 1330 395 1394 madvertit
417 1349 556 1411 puerum
579 1329 795 1392 dormientem
810 1328 1096 1410 circumplicatum
1113 1330 1276 1409 serpentis

219 1440 379 1521 amplexu.
437 1437 507 1516 Quo
547 1441 683 1519 aspectu
722 1438 877 1505 exterrita
915 1437 1090 1499 clamorem
1128 1437 1275 1500 sustulit.

219 1546 319 1611 Pater
341 1549 452 1610 antem
474 1547 587 1610 Roscii
609 1545 651 1609 ad
673 1545 865 1626 haruspices
889 1545 1029 1621 rettulit,
1060 1546 1117 1625 qui
1139 1563 1275 1627 respon-

220 1655 349 1731 derunt,
365 1655 447 1717 nihil
463 1655 521 1718 illo
537 1672 638 1736 puero
655 1653 786 1727 clarius,
804 1652 887 1715 nihil
903 1653 1048 1716 nobilius
1064 1652 1143 1716 fore.
1167 1654 1275 1733 Atque

218 1764 304 1825 hanc
333 1763 475 1845 speciem
498 1761 659 1825 Pasiteles
687 1762 827 1824 caelavit
854 1764 990 1840 argento
1021 1763 1054 1824 et
1083 1764 1195 1823 noster
1223 1778 1276 1823 01-

220 1872 341 1953 pressit
363 1871 501 1934 Archias
529 1869 689 1934 versibus.
742 1867 827 1946 Quid
851 1870 954 1948 igitur
977 1871 1211 1950 expectamus?
1234 1886 1276 1931 an
1339 1924 1343 1931 .

175 2052 177 2055 ¹
221 1978 299 2041 dum
321 1979 356 2041 in
379 1977 449 2041 foro
472 1978 644 2040 nobiscum
668 1977 701 2039 di
723 1978 935 2053 immortales,
960 1976 1038 2040 dum
1061 1978 1095 2040 in
1118 1978 1180 2040 viis
1204 1994 1276 2038 ver-

221 2088 346 2162 sentur,
371 2085 449 2147 dum
473 2084 585 2148 domi?
609 2085 666 2165 qui
689 2083 822 2165 quidem
844 2086 910 2166 ipsi
933 2102 966 2148 se
990 2085 1085 2148 nobis
1108 2103 1174 2147 non
1198 2082 1277 2146 offe-

220 2196 308 2266 runt,
332 2195 399 2256 rim
422 2195 533 2256 autem
556 2211 649 2256 suam
671 2193 768 2273 longe
791 2193 922 2272 lateque
947 2191 1147 2269 diffundunt,
1178 2211 1277 2272 quam

220 2304 292 2365 tum
320 2304 425 2366 terrae
456 2301 604 2364 cavernis
633 2299 820 2377 includunt,
850 2302 921 2364 tum
950 2301 1121 2364 hominnm
1148 2300 1276 2364 naturis

221 2411 404 2492 implicant.
455 2409 540 2472 Nam
562 2411 668 2472 terrae
692 2411 741 2472 ris
765 2408 920 2491 Pythiam
942 2409 1081 2491 Delphis
1105 2409 1276 2485 incitabat,

221 2737 289 2791 1111.
305 2736 326 2791 1,
340 2738 435 2804 arog
449 2736 506 2790 Aer.
522 2754 545 2790 c.
560 2737 585 2789 a.
601 2736 664 2790 111.
674 2736 717 2790 45.
737 2737 778 2789 11
792 2736 934 2791 Platoni
945 2780 951 2791 .
962 2779 968 2791 .
980 2707 996 2805 ζ]
1017 2737 1278 2807 sammeereaenrng

222 2826 291 2880 Plin.
310 2827 336 2881 b.
355 2844 382 2880 n..
400 2826 446 2880 XI.
466 2828 506 2895 18,
529 2827 587 2881 Val.
606 2827 674 2881 Max.
692 2827 713 2880 I.
732 2829 757 2881 6.
776 2828 800 2895 3,
825 2827 882 2882 Ael.
902 2831 918 2882 1.
938 2829 954 2881 l.
973 2828 1019 2896 (og
1036 2828 1068 2881 X.
1087 2828 1131 2895 21)
1156 2844 1177 2881 o.
1197 2828 1223 2882 fl.
1243 2831 1276 2883 st.

222 2933 352 2971 amores
371 2933 407 2970 ac
425 2916 586 2986 deliciae]
602 2916 635 2985 jf.
655 2934 733 2972 amor
752 2933 786 2970 co
804 2919 921 2972 deliciae
936 2921 1045 2987 generas
1062 2919 1179 2972 bomani
1190 2919 1275 2986 (Suet.
1295 2931 1322 2971 79

80 2980 85 2996 Ι
123 3029 125 3034 ’
225 3008 273 3062 lle
292 3008 326 3076 1).
371 3007 454 3060 Maerk
477 3007 528 3060 den
546 3008 652 3076 passive
670 3008 820 3077 betydning
837 3008 867 3061 af
882 3026 960 3062 amor
978 3008 1116 3078 (Nigelsb.
1137 3011 1203 3065 Lot.
1221 3010 1279 3065 11.8

221 3116 246 3167 p.
265 3097 317 3167 79).
356 3098 510 3166 Roscius]
534 3098 564 3163 Q.
583 3098 695 3152 Roscius
715 3098 818 3168 Gallus
843 3098 892 3152 den
915 3099 1035 3153 beromte
1057 3101 1178 3154 komiske
1202 3097 1276 3156 111110-

222 3190 321 3258 spiller‚
339 3189 417 3242 hvern
433 3188 468 3242 M.
480 3187 572 3242 Cicero
590 3188 645 3242 cite
660 3189 772 3243 omtaler
785 3189 846 3242 med
861 3190 1040 3259 begejstring3
1058 3192 1112 3245 han
1126 3192 1276 3248 fersnarede

220 3279 285 3333 harn
303 3296 336 3332 en
353 3296 425 3347 gang
442 3280 451 3332 i
469 3295 503 3331 en
522 3296 608 3333 cauea
622 3281 747 3348 privata,
766 3297 800 3348 og
814 3280 1004 3335 forsvarstalen
1020 3299 1047 3335 er
1062 3282 1147 3336 delvis
1159 3283 1276 3338 beraret.

222 3369 456 3438 mentiebatur]
478 3369 591 3423 Roscius
618 3386 665 3423 var
691 3368 744 3424 ded
771 3371 871 3438 (nuper
897 3372 968 3440 sigen
992 3371 1084 3426 Cicero
1108 3372 1138 3425 11
1155 3373 1196 3441 62,
1219 3391 1276 3441 pro

223 3461 305 3514 Arcb.
324 3461 347 3514 8.
367 3461 419 3528 17).
459 3460 598 3528 lumine]
622 3459 677 3528 ber,
703 3460 818 3528 ligesom
841 3462 1146 3517 11111111136011.
1166 3467 1208 3532 st,
1232 3482 1275 3518 orn

220 3551 404 3619 lysapparatet
421 3551 529 3619 (lampa
552 3550 633 3603 kaerte
652 3551 695 3605 ell.
713 3552 799 3620 lign.).
843 3553 961 3607 Lumine
985 3557 1114 3621 opposito
1138 3555 1196 3608 skal
1220 3556 1276 3609 kun

221 3641 344 3708 forklare,
366 3640 504 3694 hrorledes
528 3657 634 3694 ammen
655 3642 745 3695 kunde
769 3659 804 3697 se.
850 3644 1003 3712 speciem]
1028 3633 1145 3700 »scene«.
1189 3646 1276 3701 Pasi-

221 3731 317 3799 teles]
341 3748 412 3784 naun
430 3731 465 3800 pd
483 3747 515 3784 en
534 3732 663 3800 samtidig
680 3732 811 3785 kunstner
828 3734 867 3801 (se
885 3733 955 3788 Plin.
974 3736 999 3788 b.
1018 3753 1045 3789 a.
1064 3736 1170 3791 XXXV.
1189 3737 1225 3791 45
1242 3754 1276 3807 og

126 3876 130 3884 ,
221 3820 341 3874 XXXVI.
359 3824 384 3875 4.
403 3821 449 3885 123
474 3822 553 3875 Paus.
573 3822 603 3877 V.
622 3822 662 3877 20.
682 3824 716 3889 1).
754 3822 865 3878 Hdskrr.
889 3824 939 3878 har
958 3826 1115 3881 Praxiteles
1140 3827 1197 3894 (der
1223 3827 1277 3897 dog

220 3912 283 3965 ikke
301 3912 311 3965 1
328 3912 461 3965 Ernesti's
481 3914 573 3967 Ulcere
598 3912 682 3966 bnrde
709 3931 776 3966 vaere
803 3914 872 3969 sldet
886 3897 1017 3969 *sammen
1044 3917 1105 3970 med
1129 3918 1180 3971 den
1205 3921 1275 3973 store

221 4002 403 4071 Praksitelcs).
433 4001 583 4071 Archias]
602 4004 633 4057 A.
652 4003 773 4058 Licinius
791 4005 903 4059 Archias
921 4006 962 4060 ira
979 4007 1127 4061 Antiokhia
1144 4009 1154 4061 i
1174 4009 1275 4079 Syrien,

220 4093 281 4146 isaer
297 4093 381 4147 kendt
398 4093 439 4147 fra
456 4094 493 4151 M.
512 4093 626 4147 Cicero's
644 4095 699 4147 tale
716 4095 750 4148 til
768 4095 870 4149 forsvar
887 4096 927 4149 for
945 4096 1013 4150 hans
1029 4097 1171 4166 borgerret.
1197 4101 1275 4154 iuci-
