2942 4625
230 355 271 415 66
499 369 694 425 CICERONIS
712 371 763 425 DE
781 372 1025 429 DIVINATIONE

229 566 376 649 Cumque
407 569 520 633 eodem
543 573 690 651 tempore
713 572 800 652 apud
825 571 1003 636 Lebadiam
1027 574 1213 657 Trophonio
1237 595 1292 641 res

229 676 341 740 divina
369 677 472 752 fieret,
503 677 606 757 gallos
637 678 837 758 gallinaceos
866 682 901 742 in
924 699 961 744 eo
984 671 1056 746 loco
1080 684 1128 747 sic
1151 684 1291 748 adsidue

229 804 344 849 cancre
375 786 531 866 coepisse,
563 789 601 849 ut
629 786 713 849 nihil
742 786 1016 864 intermitterent;
1045 794 1118 855 tum
1145 811 1290 872 auguros

229 893 348 957 dixisse
370 893 534 969 Boeotios,
560 892 791 957 Thebanorum
813 913 884 958 esse
907 898 1089 977 victoriam,
1113 903 1287 982 propterea

228 1002 314 1083 quod
344 1001 413 1065 avis
441 1002 499 1064 illa
527 1003 614 1064 victa
644 1001 741 1066 silere
772 1003 901 1080 soleret,
932 1023 1057 1082 canere,
1090 1008 1118 1071 si
1141 1008 1288 1072 vicisset.

174 1098 208 1153 75
225 1110 413 1191 Eademque
432 1112 629 1191 tempestate
646 1110 762 1173 multis
782 1111 886 1190 signis
899 1111 1167 1178 Lacedaemoniis
1180 1115 1288 1180 Leue-

225 1220 327 1282 tricae
352 1235 481 1299 pugnae
506 1217 677 1281 calamitas
701 1218 969 1283 denuntIahatur.
1020 1221 1170 1303 Namque
1194 1226 1227 1286 et
1249 1224 1285 1287 in

225 1325 397 1409 Lysandri,
422 1324 478 1406 qui
495 1324 828 1389 Lacedaemoniorum
851 1327 1054 1393 clarissimus
1073 1329 1191 1406 fuerat,
1216 1334 1284 1395 sta-

225 1439 292 1511 tua,
317 1452 400 1514 quae
413 1433 551 1514 Delphis
575 1433 694 1509 stabat,
719 1433 754 1496 in
771 1437 878 1516 capite
895 1454 1014 1499 corona
1030 1438 1140 1501 subito
1157 1441 1287 1502 exstitit

224 1562 262 1606 ex
285 1541 410 1624 asperis
433 1541 543 1604 herbis
567 1543 600 1604 et
624 1542 820 1620 agrestibus,
845 1544 1025 1624 stellaeque
1047 1564 1174 1624 aureae,
1199 1566 1285 1627 quac

224 1650 362 1733 Delphis
391 1652 485 1713 erant
513 1668 531 1712 a
559 1637 827 1714 Lacedaemoniis
862 1654 995 1733 positae·
1023 1656 1099 1734 post
1132 1655 1282 1719 navalem

222 1760 315 1823 illam
338 1757 509 1821 victoriam
533 1756 705 1839 Lysandri,
737 1777 802 1838 qua
824 1759 1043 1824 Athenienses
1067 1762 1285 1826 conciderunt

224 1905 263 1915 —
288 1885 352 1949 qua
382 1868 417 1930 in
448 1883 560 1947 pugna
584 1866 660 1945 qula
684 1864 800 1930 Castor
823 1869 856 1929 et
878 1865 996 1931 Pollux
1019 1886 1094 1932 cum
1117 1869 1283 1934 Lacedae·

221 1976 407 2039 moniorum
437 1972 541 2036 alasse
570 1973 633 2036 visi
661 1991 732 2037 csse
757 1974 960 2053 dicebantur,
995 1994 1107 2040 eorum
1135 1977 1282 2058 insignia

222 2085 366 2160 deorum,
397 2082 512 2146 stellae
541 2091 668 2157 aureae,
695 2100 780 2161 quas
811 2082 887 2160 dixi,
912 2084 1049 2166 Delphis
1078 2086 1204 2167 positae
1227 2123 1282 2161 -,

221 2191 319 2274 paulo
351 2193 427 2254 ante
458 2189 666 2252 Leuctricam
695 2208 842 2270 pugnam
872 2191 1066 2255 deciderunt
1092 2211 1199 2273 neque
1227 2212 1281 2256 re·

168 2294 202 2348 76
221 2300 332 2382 portae
368 2300 456 2363 sunt.
512 2296 691 2360 Maximum
725 2316 800 2361 vero
832 2298 916 2362 illud
950 2303 1140 2382 portentum
1174 2300 1281 2366 isdem

221 2406 397 2489 Spartiatis
428 2405 502 2482 fuit,
534 2404 630 2486 quod,
660 2422 735 2468 cum
764 2407 909 2470 oraclum
938 2407 978 2471 ab
1002 2408 1078 2472 Iove
1102 2409 1281 2474 Dodonaeo

218 2661 243 2712 p.
263 2643 333 2711 641).
372 2642 567 2711 Lebadiam]
591 2644 601 2695 i
619 2643 745 2698 Boiotien
763 2646 810 2711 <nu
828 2643 965 2712 Livadia);
990 2645 1038 2698 her
1061 2645 1190 2714 dyrkedes
1209 2646 1277 2699 Zeus

218 2734 366 2788 Trofonios.
401 2733 608 2802 Begivenheden
627 2735 740 2788 omtales
760 2734 830 2788 Plin.
851 2735 877 2788 b.
895 2753 923 2789 a.
943 2736 974 2789 X.
994 2735 1035 2789 24.
1075 2752 1128 2789 res
1147 2736 1279 2804 divina]

221 2825 347 2894 adfringr.

172 2923 198 2964 75
217 2917 366 2985 Namque
394 2916 436 2984 et]
464 2915 505 2968 Til
534 2924 560 2970 et
586 2933 675 2970 svarer
701 2918 851 2970 monimum
877 2931 941 2969 vero
961 2957 966 2968 .
986 2957 992 2968 .
1012 2957 1017 2970 .
1041 2915 1196 2985 unejagtIgt
1219 2933 1279 2970 som

218 3007 301 3060 andet
318 3005 369 3061 led.
405 3005 523 3059 herbis
541 3006 754 3075 agrestibus]
774 3022 799 3060 o:
818 3005 925 3058 ukrudt.
953 3005 1007 3058 Det
1025 3021 1103 3073 synes
1121 3006 1202 3074 ingen
1221 3009 1280 3060 stur

218 3096 381 3165 sjaeldcnhcd
395 3099 424 3150 at
437 3096 505 3150 have
519 3100 607 3159 varet,
625 3100 654 3149 at
669 3096 715 3150 der
730 3095 845 3149 voksede
857 3111 924 3164 gras
933 3094 1000 3148 fram
1009 3094 1045 3163 pt
1054 3096 1277 3150 stenbilledemes

216 3186 344 3251 hoveden
369 3187 465 3241 sidant
487 3203 554 3255 gras
577 3187 747 3241 anbcfaledes
766 3184 883 3254 endogsi
902 3202 957 3239 som
977 3189 1005 3239 et
1021 3187 1157 3256 ypperligt
1175 3186 1275 3240 middel

216 3278 278 3332 mod
296 3277 454 3347 hovedpine,
472 3277 521 3330 nir
538 3294 601 3331 man
619 3277 705 3331 bandt
722 3277 769 3331 det
785 3276 820 3346 pt
837 3276 899 3330 med
917 3292 950 3329 cn
967 3276 1015 3331 red
1032 3276 1094 3330 arad
1112 3277 1193 3345 (Plin.
1208 3279 1235 3334 b.
1247 3297 1274 3331 a.

216 3369 311 3424 XXIV.
331 3370 399 3438 106).
441 3369 524 3422 Dette
547 3385 581 3437 og
605 3368 651 3421 det
674 3368 799 3437 felgende
821 3367 908 3421 varsel
931 3367 1044 3420 omtales
1066 3367 1132 3437 ogei
1149 3368 1221 3422 Plut.
1241 3370 1277 3423 de

216 3461 298 3530 Paua.
321 3476 396 3515 orac.
421 3460 445 3513 8.
490 3459 636 3528 positae]
664 3459 845 3527 »ophaengte‹,
872 3458 944 3511 ialt
967 3457 1024 3511 fald
1047 3458 1177 3526 anbragte
1194 3458 1229 3526 pi
1247 3462 1276 3512 et

214 3550 275 3619 hejt
293 3551 352 3604 stad
370 3550 412 3619 (jf.
433 3551 613 3617 deciderunt).
648 3549 769 3603 Herodot
790 3548 902 3602 omtalcr
920 3548 1005 3616 (VIII.
1024 3548 1085 3616 122)
1103 3548 1182 3617 nogle
1199 3548 1276 3617 guld-

214 3642 341 3710 stjrcmer,
366 3658 399 3694 en
417 3656 484 3709 gave
506 3641 540 3693 til
559 3640 610 3694 den
628 3639 747 3694 Delfiske
765 3639 890 3708 Apollon,
912 3638 959 3692 der
977 3656 1023 3692 var
1041 3638 1170 3707 anbragte
1188 3639 1222 3708 pi
1240 3656 1274 3694 en

213 3735 285 3786 mast
307 3730 337 3784 af
358 3731 465 3787 kobber.
507 3731 698 3799 victoriam]
717 3730 768 3784 ved
786 3730 869 3798 Aigos
888 3729 1011 3783 Potamoi
1028 3729 1088 3785 405.
1124 3729 1272 3784 concide-

212 3824 301 3888 runt]
326 3822 419 3876 Miske
444 3824 549 3875 snarest
571 3820 601 3874 ai
623 3823 750 3884 concidm
778 3821 856 3874 ellers
880 3820 952 3873 vilde
975 3821 1021 3873 der
1044 3820 1087 3874 vel
1110 3820 1178 3875 have
1203 3820 1273 3875 sttct

212 3916 347 3969 Athenae.
388 3929 451 3980 qua
469 3913 502 3965 in
519 3912 812 3981 pugna-poeitae]
830 3910 959 3978 Muligvis
977 3912 1159 3979 interpolaret.
1200 3928 1272 3966 cum

212 4004 241 4057 L.
261 4003 383 4071 classe]
411 4002 460 4071 »pt
484 4002 536 4057 den
553 4002 583 4057 L.
607 4001 689 4055 flddcs
713 4002 785 4056 side«
810 4002 852 4070 (ji.
876 4008 952 4056 ctare
976 4017 1036 4054 cum
1056 4001 1150 4056 ›holde
1169 4001 1274 4071 med‹);

212 4110 240 4146 se
258 4094 331 4148 Plut.
349 4094 501 4163 Lysandros
520 4093 560 4147 12.
