2942 4625
492 379 559 435 LIB.
581 381 617 435 H.
636 382 677 437 70.
697 383 824 437 144-71.
844 385 901 438 147.
1163 372 1223 432 217

169 580 425 644 innumerabiles
455 582 641 648 varietates.
693 582 786 646 Nihil
815 586 883 647 tam
907 586 1126 665 praepostere,
1156 585 1225 647 tam

169 687 347 764 incondite,
378 691 446 752 tam
475 692 682 754 monstruose
710 692 849 771 eogitari
883 694 1003 773 potest,
1037 691 1124 771 quod
1158 710 1224 754 non

169 797 333 877 possimus
362 797 537 870 somniare3
569 816 632 878 quo
662 798 758 862 modo
788 799 891 879 igitur
917 798 997 862 haeo
1029 798 1160 861 infinita
1192 800 1224 862 et

168 922 297 986 semper
318 922 403 967 nova
426 908 483 968 aut
505 905 663 969 memoria
685 905 850 987 oonpleoti
873 909 931 969 aut
947 904 1148 969 observando
1164 923 1223 968 no-

167 1013 237 1073 tare
266 1014 463 1093 possumus?
507 1013 675 1093 Astrologi
703 1016 813 1077 motus
843 1014 1024 1077 errantium
1052 1012 1224 1076 stellarum

167 1120 380 1194 notaverunt;
407 1121 562 1184 inventus
592 1122 642 1184 est
671 1121 759 1185 enim
788 1121 865 1185 ordo
893 1122 928 1184 in
954 1120 996 1185 iis
1020 1120 1135 1196 stellis,
1167 1121 1223 1199 qui

167 1245 233 1290 non
262 1227 451 1308 putabatur.
503 1227 589 1292 Cedo
617 1228 761 1304 tandem,
791 1228 847 1310 qui
877 1229 921 1291 sit
949 1227 1026 1292 ordo
1054 1230 1112 1291 aut
1139 1245 1223 1307 quae

166 1334 373 1398 eonoursatio
397 1337 611 1411 somniorum;
636 1355 699 1417 quo
721 1335 818 1400 modo
842 1339 953 1399 autem
969 1334 1130 1415 distingui
1146 1353 1223 1417 pos·

166 1444 245 1505 sunt
273 1461 349 1506 vera
380 1444 507 1507 somnia
534 1462 553 1507 a
581 1444 699 1508 falsis?
726 1462 802 1508 oum
829 1444 943 1508 eadem
973 1445 1006 1507 et
1029 1443 1102 1507 aliis
1126 1442 1223 1506 aliter

167 1549 308 1613 eradant
338 1553 371 1613 et
397 1550 502 1615 isdem
531 1570 597 1615 non
625 1571 754 1634 semper
784 1552 898 1616 eodem
927 1550 1038 1625 modo;
1073 1552 1110 1614 ut
1140 1551 1222 1613 mihi

165 1658 287 1720 mirum
308 1657 469 1735 videatur,
493 1677 569 1723 oum
590 1660 741 1723 mendaci
764 1660 889 1723 homini
904 1677 945 1723 ne
961 1676 1075 1722 verum
1090 1657 1223 1738 quidem

168 1763 292 1828 dioenti
321 1766 451 1830 eredere
480 1768 652 1844 soleamus,
684 1786 748 1848 quo
777 1768 874 1831 modo
904 1767 971 1842 isti,
1002 1767 1031 1829 si
1059 1765 1223 1829 somnium

167 1889 280 1936 rerum
309 1876 413 1938 evasit
442 1875 586 1955 aliquod,
614 1895 680 1939 non
710 1894 749 1939 ex
770 1875 885 1939 multis
909 1875 1019 1956 potius
1042 1874 1102 1936 uni
1123 1872 1223 1936 fidam

167 1979 325 2061 derogent
347 1999 446 2061 quam
468 2001 506 2046 ex
528 2002 593 2047 uno
616 1982 871 2047 innumerabilia
894 1981 1098 2047 confirment.

231 2086 267 2150 Si
294 2089 398 2169 igitur
424 2109 530 2171 neque
558 2091 638 2155 deus
662 2093 713 2154 est
735 2090 869 2155 effector
891 2091 1093 2154 somniorum
1115 2106 1221 2168 neque
1241 2091 1291 2146 147

166 2197 304 2259 naturae
331 2199 379 2259 eet
405 2199 545 2263 societas
562 2181 642 2263 >ulla
672 2215 748 2262 oum
776 2199 912 2262 somniis
940 2215 1047 2278 neque
1070 2195 1222 2260 observa·

165 2303 256 2368 tione
289 2305 432 2371 inveniri
459 2307 569 2390 potuit
603 2306 751 2382 seientia,
787 2305 940 2370 effaetum
973 2307 1033 2381 est,
1067 2306 1106 2368 ut
1138 2303 1222 2367 nihil

165 2428 299 2491 prorsus
322 2416 458 2479 somniis
473 2414 688 2478 tribuendum
704 2417 757 2491 sit,
780 2415 976 2496 praesertim
991 2430 1066 2476 oum
1080 2412 1132 2476 illi
1147 2412 1221 2494 ipsi,

167 2518 223 2597 qui
252 2537 289 2583 ea
321 2521 444 2598 rident,
479 2523 563 2586 nihil
598 2522 756 2599 divinent,
791 2522 825 2599 ii,
859 2523 917 2601 qui
950 2522 1221 2601 interpretantur,

166 2626 389 2693 eonieoturam
419 2630 607 2707 adhibeant,
634 2650 701 2695 non
723 2633 886 2705 naturam,
918 2646 1013 2693 easus
1037 2629 1147 2690 autem
1169 2628 1221 2690 in·

165 2736 425 2802 numerabilibus
448 2757 551 2820 paene
571 2738 712 2802 saeculis
727 2740 764 2801 in
779 2736 930 2801 omnibus
947 2736 1043 2818 plura
1057 2733 1221 2798 mirabilia
1241 2760 1244 2773 ·

166 2861 265 2923 quam
294 2845 329 2907 in
358 2845 559 2909 somniorum
589 2847 669 2909 visis
699 2845 853 2920 effecerit,
886 2861 992 2924 neque
1021 2844 1219 2918 oonieetura‚

166 2969 249 3032 quae
272 2952 306 3015 in
329 2953 436 3016 varias
459 2954 563 3034 partis
587 2952 663 3015 duoi
686 2954 801 3034 possit,
829 2971 895 3016 non
917 2967 1098 3031 numquam
1121 2950 1221 3013 etiam

165 3060 200 3123 in
223 3060 414 3135 contrarias,
440 3061 616 3141 quiequam
639 3061 683 3124 sit
705 3061 874 3124 intortius,

164 3420 308 3490 Meningen
335 3422 435 3474 kroever
460 3420 506 3474 det
532 3420 645 3473 forsttet
672 3436 728 3473 som
758 3419 915 3489 »indbyrdes
939 3419 1217 3473 overensstemmelse«

165 3511 321 3581 (Hottinger
338 3529 360 3566 o.
380 3511 406 3565 fl.
424 3511 474 3564 har
491 3510 657 3564 missorstaet
675 3509 739 3578 det).
773 3526 808 3563 ex
826 3510 953 3579 multis]
977 3509 1025 3578 »pi
1042 3509 1176 3579 grnndlag
1193 3509 1223 3563 af

165 3601 197 3655 de
223 3619 344 3671 mange«.
394 3603 497 3656 fidem
525 3602 687 3669 derogent
706 3644 712 3656 .
733 3600 999 3671 ..confirmentl
1030 3600 1136 3655 »moder
1159 3601 1219 3653 med

165 3692 259 3746 mistro
278 3736 283 3747 .
303 3737 309 3747 .
329 3737 334 3747 .
353 3693 448 3747 henter
464 3692 632 3746 bekraeftelse
649 3692 708 3745 til«.

165 3781 326 3837 effectum
344 3786 409 3852 est,
427 3785 473 3852 ut]
495 3783 596 3837 ›bliver
612 3780 679 3835 lecit
696 3781 751 3850 det,
769 3785 798 3835 at
816 3824 822 3836 .
842 3825 847 3835 .
867 3803 897 3836 .r.
931 3798 993 3835 non
1011 3783 1172 3850 naturam]
1192 3797 1217 3835 o:
1239 3793 1278 3834 147

164 3873 227 3926 ikke
253 3873 331 3943 tyder
353 3873 505 3927 dremmene
528 3872 563 3942 pt
585 3872 659 3926 basis
683 3871 713 3925 af
728 3875 842 3926 naturen
859 3873 903 3939 (en
921 3872 1041 3940 naturlig
1058 3871 1219 3925 forbindelse

165 3964 272 4018 mellem
290 3964 365 4031 drem
383 3980 418 4033 og
435 3963 619 4032 virkelighed).
648 3963 682 4016 in
700 3961 867 4032 omnibus]
886 3963 910 4015 »i
924 3962 976 4016 elle
991 3961 1072 4016 andre
1085 3961 1219 4026 lorhold‹;

161 4053 193 4123 jf.
218 4056 341 4109 erunibus
363 4056 393 4108 iu
415 4056 498 4110 rebar
515 4054 535 4107 Ι.
554 4054 579 4108 4.
598 4054 622 4121 7,
646 4053 712 4107 hror
729 4052 971 4106 underforstdelsen
990 4052 1020 4106 af
1038 4051 1147 4105 »andrea
1168 4051 1220 4121 dog
