2942 4625
520 392 589 447 me.
607 392 628 447 1.
648 391 689 446 17.
707 390 819 445 eo-n.
837 390 880 445 aa.
1188 376 1229 436 33

170 596 257 661 dixit
284 597 325 673 ei,
354 594 498 673 cogitare
528 610 562 656 se
591 568 763 672 quiddam3
793 590 828 655 id
860 592 1014 672 possetne
1043 588 1124 666 fieri,
1153 607 1231 652 con·

170 705 289 770 suluit.
332 700 395 765 Ille
419 702 557 781 augurio
580 702 653 763 acto
676 717 771 781 posse
794 697 975 781 respondit.
1032 697 1231 778 Tarquinius

171 816 287 879 autem
309 810 402 887 dixit,
426 827 460 873 se
483 809 645 888 cogitasse
667 810 774 871 cotom
788 806 949 871 novacula
964 824 1060 887 posse
1076 806 1231 887 praecidi.

172 923 261 986 Turn
283 921 401 983 Attum
430 917 567 981 iussisse
598 914 747 997 experiri.
798 914 852 979 Ita
874 915 981 978 cotem
1003 912 1038 976 in
1061 915 1232 979 comitium

172 1030 312 1116 allatam
340 1026 549 1107 inspectante
580 1025 613 1086 et
642 1040 718 1104 rege
750 1026 783 1086 at
812 1022 934 1105 populo
968 1023 1128 1087 novacula
1162 1041 1231 1087 esse

172 1137 359 1202 discissam.
404 1133 452 1196 Er
474 1150 511 1196 eo
534 1132 654 1209 evenit,
677 1134 714 1195 ui
737 1132 771 1195 et
788 1131 988 1211 Tarquinius
1011 1148 1135 1211 augure
1153 1132 1232 1194 Atto

177 1245 281 1310 Navio
304 1243 455 1307 uteretur
473 1241 506 1303 et
521 1239 664 1322 populus
681 1238 720 1302 de
740 1239 809 1302 suis
825 1238 923 1302 rebus
939 1238 981 1301 ad
997 1256 1072 1302 eum
1086 1238 1233 1303 referret.

173 1351 292 1416 Cotem
319 1352 431 1414 autem
459 1347 552 1411 illam
579 1348 612 1410 et
638 1346 834 1410 novaculam
857 1345 1020 1410 defossam
1042 1347 1078 1410 in
1101 1347 1234 1411 comitio
1251 1341 1286 1396 33

174 1475 343 1541 supraque
366 1457 549 1539 inpositum
571 1456 684 1537 puteal
700 1454 896 1536 accepimus.
934 1454 1099 1535 Negemus
1116 1455 1234 1531 omnia,

175 1568 409 1632 comburamus
438 1563 584 1640 annales,
612 1562 691 1626 ficta
717 1562 799 1626 haec
822 1580 893 1626 esse
916 1561 1074 1655 dicamus,
1106 1562 1236 1643 quidvis

176 1674 321 1755 denique
355 1673 477 1754 potius,
506 1689 605 1751 quam
627 1669 705 1734 deos
727 1688 780 1734 res
803 1670 964 1734 humanas
987 1687 1101 1734 curare
1131 1671 1236 1735 fatea-

177 1802 268 1859 mur;
293 1780 396 1862 quid?
420 1778 507 1859 quod
530 1778 693 1860 scriptum
715 1778 804 1860 apud
826 1780 859 1842 te
883 1780 933 1842 est
957 1777 996 1840 de
1013 1778 1062 1843 Ti.
1079 1777 1236 1855 Graccho,

179 1907 290 1954 nonne
308 1891 341 1952 et
359 1905 522 1968 augurum
540 1887 573 1949 ot
584 1885 800 1969 haruspicum
812 1886 991 1968 conprobat
1004 1886 1237 1968 disciplinam?

179 1998 239 2080 qui
269 2015 344 2060 curn
369 1994 621 2070 tabernaculum
651 1994 731 2058 vitio
760 1993 903 2075 cepisset
929 1994 1121 2076 inprudens,
1153 1994 1238 2075 quod

179 2103 389 2187 inauspicato
419 2103 602 2185 pomerium
624 2103 851 2182 transgressus
875 2104 972 2179 osset,
1003 2103 1137 2167 comitia
1160 2122 1239 2167 con-

179 2382 242 2438 Hal.
260 2382 311 2450 ΠΙ,
332 2380 378 2449 71)
401 2379 536 2447 fornellos,
560 2382 589 2432 at
611 2378 718 2447 hougcn
742 2368 875 2432 var'vred
897 2378 931 2447 pi
950 2379 1040 2448 Attus,
1066 2379 1137 2433 fordi
1154 2379 1240 2434 denne

180 2473 316 2526 modsatte
334 2472 377 2540 sig
394 2487 427 2524 en
445 2469 565 2539 pitankt
582 2469 721 2523 udvidelse
733 2468 763 2522 af
772 2469 1035 2525 ridderoenturierne.
1063 2470 1238 2540 consuluit]

180 2563 275 2617 Miske
301 2562 382 2616 bedre
410 2562 561 2615 consuleret
582 2561 629 2628 (oc.
652 2561 756 2629 Athe),
783 2576 840 2613 som
862 2560 964 2614 Alanus
991 2561 1113 2626 foreslhr;
1141 2561 1186 2615 det
1213 2578 1241 2615 er

182 2655 284 2723 nemlig
307 2655 369 2706 saert
392 2653 422 2705 at
444 2650 528 2719 bruge
551 2651 692 2705 consulere
715 2667 759 2704 om
777 2650 896 2719 hongens
914 2650 1098 2721 foresporgsel.
1142 2668 1240 2721 posse

183 2742 370 2813 rospondit]
392 2741 516 2795 ›svarede
531 2740 590 2809 ja‹;
608 2740 798 2809 Mdv.⁸§400
812 2757 882 2795 aum.
895 2740 920 2796 2.
948 2742 1065 2796 Attum
1083 2743 1238 2812 iussisse]

184 2836 281 2889 Atium
303 2850 331 2887 er
354 2831 454 2901 objekt.
497 2831 580 2885 Maerk
602 2831 654 2885 den
676 2832 765 2885 bratte
787 2847 921 2901 evergang
944 2833 978 2885 til
1003 2835 1095 2888 oratio
1120 2835 1185 2894 obt:
1206 2834 1239 2902 js.

181 2924 225 2979 26.
243 2923 285 2991 55,
320 2923 362 2978 27.
379 2922 422 2992 56,
440 2922 475 2976 Π.
494 2922 536 2977 32.
554 2922 588 2975 69
606 2939 662 2977 osv.

184 3014 309 3083 puteal]
338 3031 371 3067 en
398 3013 554 3081 indfatning
580 3011 610 3067 af
633 3016 694 3067 sten
720 3013 783 3082 (egl.
809 3012 1069 3082 brendindfatning).
1118 3013 1240 3068 Sidanne
1261 3040 1287 3080 ἃς

184 3107 270 3159 sames
295 3104 383 3173 sarlig
407 3120 449 3157 om
474 3104 570 3174 stodor,
593 3103 640 3158 der
662 3121 709 3158 var
730 3103 864 3173 helligede
888 3103 946 3172 ved,
970 3107 999 3157 at
1016 3104 1091 3174 lynct
1108 3122 1155 3159 var
1172 3104 1241 3159 sliat

184 3194 245 3249 ned.
271 3194 431 3264 Rimeligvis
448 3193 498 3248 har
515 3194 589 3249 detto
602 3195 704 3263 puteal
720 3194 786 3263 ogei
803 3198 884 3249 varet
901 3199 945 3249 sat
961 3195 971 3248 i
989 3194 1074 3249 denne
1087 3195 1241 3265 anlcdning,

183 3301 220 3355 og
244 3287 339 3354 sagnet
360 3302 389 3339 er
411 3284 446 3338 da
469 3284 614 3339 iremhaldt
631 3286 662 3340 af
676 3284 729 3339 den
748 3285 816 3354 shik,
840 3289 870 3340 at
887 3302 950 3340 man
967 3286 1052 3340 under
1064 3288 1166 3354 pareat
1181 3287 1242 3342 ned·

183 3376 300 3446 gravedo
323 3375 385 3429 flint
409 3392 443 3444 og
467 3375 528 3446 scal,
554 3376 689 3445 lynildens
712 3376 853 3446 symbolon.
898 3376 1063 3445 scriptum
1087 3377 1173 3446 apud
1200 3379 1240 3447 te]

186 3466 446 3522 n.d.11.4.10f.
482 3467 527 3520 Ti.
553 3466 710 3536 Graccho]
739 3466 814 3521 iader
838 3467 873 3520 til
899 3467 932 3520 da
954 3466 1087 3521 behendte
1109 3468 1243 3523 almuetri·

186 3557 279 3626 huner,
296 3557 395 3611 honsul
412 3556 463 3610 177
481 3573 516 3627 og
534 3558 595 3623 163;
613 3558 624 3611 i
643 3558 818 3612 sidstnarnte
836 3558 866 3611 ir
882 3557 987 3612 indtraf
1002 3558 1054 3612 den
1068 3558 1243 3630 begivenhed,

187 3648 235 3702 her
261 3647 383 3703 omtnles.
427 3648 686 3702 tabernaculum
712 3649 797 3703 vitio
824 3649 980 3718 cepisset]
1008 3649 1068 3704 Den
1092 3651 1243 3720 magistrat,

186 3738 234 3792 der
256 3738 342 3793 havdo
365 3738 500 3808 prasidiet
518 3739 528 3792 i
545 3739 776 3809 valgkomitierne,
798 3742 846 3809 tog
868 3727 1000 3809 auspicier
1023 3740 1064 3794 for
1086 3741 1177 3810 valget
1193 3741 1244 3795 ved

187 3829 320 3883 nattetide
338 3829 451 3883 udcnfor
467 3829 545 3899 byen,
563 3830 630 3883 hvor
647 3832 675 3883 et
692 3830 744 3883 telt
761 3830 772 3884 i
789 3830 863 3886 detto
880 3831 985 3900 ojcmed
1002 3831 1106 3900 rajstes.
1150 3833 1245 3885 Denne

188 3919 430 3988 emhedshandling
446 3919 552 3973 kaldtes
571 3921 780 3976 tabernaculam
799 3938 905 3991 capere.
949 3922 1006 3977 Nar
1028 3922 1082 3976 han
1104 3924 1245 3992 passerede

187 4010 271 4064 derud
290 4026 352 4064 over
364 4012 529 4078 pomerium,
547 4010 643 4065 skulda
661 4011 707 4065 der
725 4012 841 4066 saershilt
858 4017 934 4082 tages
950 4013 1057 4069 varsler.
1086 4014 1244 4069 Gracchus's

188 4100 245 4170 fejl,
267 4103 371 4168 auum,
394 4100 490 4155 beatod
507 4102 525 4169 i,
549 4104 578 4155 at
595 4102 658 4172 han,
682 4102 716 4157 da
733 4102 788 4157 han
806 4104 892 4157 auden
909 4120 982 4173 gang
1001 4104 1084 4173 begar
1102 4107 1145 4175 sig
1163 4106 1247 4160 derud
