2942 4625
250 370 294 431 48
513 382 710 438 CICERONIS
729 383 780 437 DE
799 382 1044 439 DIVINATIONE

252 585 362 649 visum
384 600 465 661 esse,
490 602 566 647 oum
580 586 615 646 in
631 583 751 648 mediis
770 584 922 648 hostibus
942 586 1139 663 remoretur,
1163 583 1313 648 oooidere

253 709 330 755 oum
357 709 509 755 maxuma
539 692 653 773 gloria.
705 691 749 755 nt
771 694 844 756 turn
867 691 1001 772 quidem
1023 691 1199 756 Incolumis
1222 709 1314 756 exer-

253 800 359 864 eitum
387 799 558 864 obsidione
580 799 751 875 liberauit3
782 802 858 882 post
887 800 1069 864 triennium
1092 803 1214 877 autem,
1238 819 1314 865 oum

253 907 370 972 oonsul
393 909 491 985 esset,
514 907 646 971 deuouit
669 925 703 971 se
727 910 761 971 et
783 908 818 972 in
842 909 947 972 auiam
968 907 1164 972 Latinorum
1185 908 1314 990 inrupit

255 1017 412 1080 armatus.
447 1014 517 1093 Quo
542 1016 612 1079 eius
635 1014 724 1078 laeto
749 1016 897 1098 superati
920 1018 999 1081 sunt
1021 1018 1055 1080 et
1074 1015 1176 1080 deleti
1190 1015 1313 1080 Latini.

255 1122 357 1188 Cuius
384 1141 472 1187 mors
501 1124 550 1187 ita
579 1122 820 1204 gloriossimi,
844 1125 882 1186 ut
905 1123 1043 1188 eandem
1065 1126 1313 1206 oonoupisoeret

184 1293 209 1336 s
255 1234 379 1297 filius..

199 1315 238 1406 {a
321 1339 385 1404 Sed
413 1339 584 1402 veniamus
612 1355 712 1416 nuno,
741 1338 770 1402 si
799 1338 918 1421 planet,
947 1337 988 1403 ad
1018 1340 1145 1404 somnia
1168 1339 1314 1421 philoso-

194 1459 238 1519 25
257 1449 410 1532 phorum!
461 1445 521 1510 Est
552 1445 640 1528 apud
663 1444 839 1538 Platonem
867 1445 1028 1524 Suanetes,
1060 1464 1135 1511 ounr
1164 1448 1251 1511 esset
1278 1447 1314 1511 in

256 1554 408 1622 eustolia
431 1552 575 1636 publiea,
599 1552 713 1618 dioens
729 1552 867 1631 Critoni,
892 1573 951 1619 suo
966 1553 1133 1633 familiari,
1157 1555 1222 1619 sibi
1239 1557 1314 1637 post

255 1664 393 1729 tertium
427 1661 513 1726 diem
548 1679 618 1725 esse
652 1661 877 1738 moriendum3
910 1662 1033 1727 vidisse
1063 1681 1098 1727 se
1128 1662 1163 1725 in
1191 1662 1315 1726 somnis

256 1769 505 1855 pulohritudine
533 1770 652 1846 eximia
681 1768 848 1849 feminam,
880 1787 964 1850 quae
988 1789 1022 1835 se
1044 1770 1177 1835 nomme
1201 1770 1315 1853 appel·
1352 1822 1356 1829 .

255 1881 329 1944 lans
353 1878 477 1942 dieeret
498 1877 712 1941 Homerionm
735 1878 900 1958 quendam
922 1879 993 1943 eius
1015 1878 1106 1943 medi
1127 1897 1271 1943 uersum:

389 1986 501 2050 Tertia
522 1988 556 2049 te
579 1983 720 2049 Phthiae
743 1987 923 2068 tempestas
945 1986 1033 2050 laeta
1054 1986 1187 2050 locabit.
1282 2061 1285 2067 ⁸

258 2094 362 2174 Quod,
384 2096 422 2157 ut
444 2098 495 2158 est
512 2093 648 2171 dietum,
673 2095 721 2158 sio
739 2094 896 2159 scribitur
911 2094 1100 2176 oontigisse.
1131 2094 1315 2176 Xenophon

258 2202 446 2267 Socratious
470 2201 542 2285 (qui
564 2202 615 2265 vir
638 2204 672 2265 et
695 2202 869 2286 quantum)
892 2203 928 2266 in
951 2220 988 2265 ea
1005 2201 1136 2279 militia,
1161 2218 1316 2283 quaeum

258 2309 341 2395 Cyro
363 2311 489 2374 minore
510 2307 706 2392 perfunctus
722 2313 783 2389 est,
808 2329 867 2375 sua
883 2310 999 2376 soribit
1015 2313 1151 2389 somnia,
1176 2329 1316 2392 quorum

204 2427 240 2480 53
259 2421 396 2484 eventus
429 2418 597 2483 mirabiles
630 2419 838 2517 exstiterunt.
894 2418 1029 2483 Mentiri
1062 2419 1316 2502 Xenophontem
1376 2457 1381 2466 -

259 2746 371 2816 filius]
394 2746 424 2800 P.
448 2745 548 2799 Decius
571 2746 632 2800 Mus
651 2746 672 2815 <i
690 2746 743 2800 den
759 2745 822 2814 edje
842 2747 1053 2816 Samnitai-hig,
1077 2747 1128 2801 ved
1147 2747 1288 2801 Sentinum
1306 2747 1316 2799 i

256 2837 390 2893 ¹Umbrien
408 2836 437 2890 tr
454 2836 524 2905 295).

205 2903 241 3014 ἒξ
259 2928 333 2998 Est]
352 2949 386 2976 =
403 2928 559 2992 iuduebam
581 2927 613 2996 jf.
634 2935 704 2983 orat.
724 2928 765 2982 13.
784 2927 817 2982 41
837 2935 901 2984 eat.
922 2969 929 2983 .
949 2970 955 2982 .
976 2931 1059 2997 quari
1074 2931 1105 2983 ia
1124 2936 1247 2983 extrema
1260 2943 1316 2995 po·

257 3020 326 3087 pisa
344 3017 470 3073 Phaedri
493 3019 536 3072 bis
558 3020 629 3087 apsis
650 3019 742 3073 verbio
765 3020 880 3087 loquens
899 3018 1038 3088 Socrates,
1058 3035 1080 3073 ο.
1100 3019 1125 3074 fl.
1145 3022 1178 3074 st.
1197 3018 1318 3088 (Madvig

261 3109 327 3164 Lat.
347 3107 491 3177 ονννοοίιί.8
508 3109 526 3177 ξ
542 3107 635 3176 424*).
664 3109 753 3177 apud
770 3109 957 3178 Platonem]
976 3109 1073 3163 Kriton
1086 3127 1111 3179 p.
1127 3110 1204 3164 44Β.
1223 3110 1318 3163 Verset

259 3199 346 3269 lyder:
365 3192 449 3272 ἤματί
465 3190 638 3274 usurparetur
654 3198 750 3271 Φθίην
763 3192 894 3275 ἐρίβωλον
908 3201 985 3269 ἵκοιο,
1003 3217 1038 3269 og
1051 3218 1079 3254 er
1092 3201 1152 3256 lunt
1163 3200 1204 3255 fra
1212 3198 1318 3254 Iliaden

258 3290 307 3345 IX.
325 3289 384 3359 363,
407 3289 474 3344 hvor
491 3289 633 3344 Akhilleus
651 3290 686 3359 pi
703 3291 911 3361 Agamemnon‘s
937 3291 1039 3360 forslag
1060 3292 1095 3346 til
1118 3291 1199 3361 iorlig
1221 3305 1318 3357 urerer,

259 3381 360 3436 athan
377 3379 440 3433 ikke
458 3379 507 3449 gir
523 3381 571 3434 iud
589 3381 679 3452 derpb,
698 3397 760 3436 men
777 3382 816 3436 ril
837 3381 918 3452 drage
932 3382 1019 3450 hjem:
1038 3381 1064 3436 εἰ
1079 3382 1111 3436 δέ
1122 3402 1172 3437 κεν
1186 3374 1318 3451 ου’πλοίην

259 3464 317 3546 δηίη
340 3464 435 3532 κλυτὸς
452 3462 629 3545 ἐννοσίγαιος,
649 3468 734 3547 ἤματί
750 3492 783 3527 κο
801 3466 917 3548 τριτάτῳ
938 3472 1035 3545 Φθίην
1052 3472 1181 3549 ἐρίβωλον
1198 3474 1318 3545 ἱκοίμην.
1439 3542 1441 3545 v

259 3563 317 3617 Ved
340 3564 424 3618 Pthia
446 3565 548 3618 tanher
566 3564 692 3619 Sokrates
715 3564 751 3633 pi
774 3564 879 3633 sjaelens
903 3564 984 3634 hjem‚
1011 3582 1069 3619 som
1093 3564 1144 3618 den
1167 3556 1226 3617 ni‘r
1252 3562 1320 3617 efter
1456 3558 1457 3581 ¹

260 3653 360 3718 dodam
376 3653 408 3722 jf.
427 3654 583 3724 slutningen
602 3654 632 3709 af
646 3658 729 3710 nasta
748 3656 863 3710 sektion.
898 3655 1017 3710 Tertia
1037 3658 1071 3710 te
1089 3697 1096 3712 .
1115 3698 1120 3710 .
1141 3653 1159 3724 .]
1178 3655 1274 3709 Verset
1291 3670 1320 3706 er

258 3744 308 3798 frit
331 3747 445 3810 overent,
469 3744 537 3799 efter
555 3746 670 3801 Cicero‘s
693 3745 824 3815 sedeone,
848 3762 883 3815 og
905 3746 954 3800 har
974 3746 1034 3815 just
1056 3746 1119 3800 ikke
1142 3746 1244 3800 vundet
1269 3743 1320 3799 red

260 3835 469 3905 bearbejdelsen.
506 3836 710 3907 tempestas]
730 3836 775 3890 mi
792 3836 889 3905 betyde
910 3835 991 3907 ›dag‹
1012 3837 1077 3891 eller
1096 3837 1208 3907 »degn«,
1227 3853 1260 3905 eu
1278 3836 1320 3889 be-

258 3926 383 3997 tydning,
407 3944 464 3981 som
489 3927 567 3981 ellers
589 3944 681 3997 uaeppe
699 3927 785 3981 flndes
804 3927 874 3982 uden
893 3928 981 3983 Plaut.
999 3935 1077 3985 mort.
1095 3928 1118 3983 I.
1138 3928 1194 3982 17.·
1220 3929 1344 3982 Xeno·

260 4017 359 4088 phou]
378 4018 506 4072 Dremme
523 4018 554 4072 af
568 4018 706 4073 Ksenofon
724 4020 837 4074 omtales
856 4019 866 4072 i
883 4010 960 4088 ἆνίβ.
978 4018 1031 4072 III.
1051 4020 1074 4074 1.
1094 4019 1126 4072 11
1145 4034 1180 4087 og
1197 4018 1244 4072 IV.
1258 4018 1282 4072 3.
1295 4017 1319 4070 8.

259 4108 296 4160 in
314 4125 349 4163 ea
366 4096 497 4162 militia
515 4151 521 4164 .
541 4151 546 4164 .
567 4152 573 4164 .
592 4126 652 4164 sua
669 4110 797 4164 scribit
815 4106 953 4181 aemula]
972 4110 1028 4163 Der
1045 4126 1073 4164 er
1090 4109 1321 4178 nogetuuderligt
