2942 4625
252 350 315 410 140
516 362 711 417 CICERONIS
729 362 780 416 DE
798 362 1041 418 DIVINATIONE

252 561 489 642 philosophiae,
518 562 728 638 mihicrede,
757 562 908 644 proditis,
933 562 1012 626 dum
1034 563 1171 627 castella
1194 546 1309 626 defen-

252 668 346 743 ditis;
375 688 452 732 nam
480 670 559 733 dum
580 671 829 752 haruspicinam
851 689 960 734 voram
983 689 1053 735 osse
1077 672 1189 748 vultis,
1224 671 1308 753 phy·

252 776 424 856 siologiam
452 779 557 841 totam
585 779 784 860 pervertitis.
837 776 954 859 ‘Caput
977 780 1027 842 est
1050 778 1084 841 in
1108 780 1224 855 iecore,
1253 795 1309 841 cor

251 884 287 947 in
316 886 413 956 extis3
444 886 510 948 iam
537 885 701 962 abscedet,
732 886 832 950 simul
861 902 898 949 ac
920 886 1041 949 molam
1064 888 1097 949 et
1119 887 1234 949 vinum
1255 887 1309 949 in-

252 992 424 1073 sperseris3
448 991 529 1056 deus
544 992 579 1058 id
595 994 723 1075 eripiet,
739 995 789 1057 vis
805 995 916 1075 aliqua
932 993 1084 1057 conficiet
1100 996 1158 1057 aut
1174 992 1308 1057 exedat?

252 1098 326 1162 Nou
357 1118 433 1179 ergo
464 1101 610 1164 omnium
634 1104 725 1164 ortus
749 1103 848 1181 atque
872 1101 981 1165 obitus
1004 1104 1124 1164 natura
1146 1100 1309 1177 conficiet,

251 1208 284 1269 et
313 1208 376 1270 erit
405 1208 541 1289 aliquid,
570 1208 656 1289 quod
687 1211 745 1272 aut
772 1228 810 1272 er
837 1209 941 1273 nihilo
971 1210 1097 1272 oriatur
1119 1211 1176 1273 aut
1199 1210 1232 1272 in
1256 1208 1309 1271 ni·
1349 1240 1352 1246 ·

250 1315 357 1378 hilum
391 1316 500 1380 subito
536 1316 674 1380 occidat.
730 1315 811 1394 Quis
845 1316 907 1389 hoc
937 1316 1094 1398 physicus
1125 1316 1207 1381 dixit
1236 1336 1308 1380 um·

253 1425 374 1503 quam?
409 1423 619 1505 ‘Haruspices
644 1424 784 1487 dicuntl'
829 1424 891 1488 His
914 1424 1018 1504 igitur
1041 1406 1140 1505 quam
1162 1425 1309 1507 physicis

194 1492 452 1627 {credendum
490 1533 601 1613 potius
639 1533 844 1596 existumas?
906 1531 1015 1610 Quid?
1049 1552 1124 1597 cum
1157 1532 1309 1614 pluribus

252 1638 321 1702 deis
344 1640 543 1716 immolatur,
568 1640 625 1719 qui
647 1639 783 1704 tandem
798 1643 917 1717 evenit,
942 1643 980 1704 ut
995 1641 1111 1704 litetur
1127 1641 1210 1717 aliis,
1235 1640 1309 1704 aliis

251 1766 318 1810 non
347 1748 487 1811 litetur?
516 1766 599 1828 quae
630 1751 741 1811 autem
768 1748 993 1812 inconstantia
1023 1748 1157 1812 deorum
1181 1751 1241 1825 est,
1271 1750 1309 1812 ut

252 1856 367 1936 primis
396 1856 566 1918 minentur
594 1857 687 1933 extis,
716 1856 799 1919 bene
829 1858 1026 1938 promittant
1049 1855 1225 1920 secundis?
1252 1862 1309 1920 aut

251 1966 346 2026 tanta
374 1964 461 2026 inter
488 1981 542 2026 eos
566 1962 739 2040 dissensio,
771 1981 867 2045 saepe
891 1964 991 2027 etiam
1015 1964 1103 2026 inter
1125 1982 1309 2045 proxumos,

252 2073 290 2133 ut
312 2071 477 2152 Apollinis
508 2073 581 2133 exta
611 2071 697 2135 bona
726 2073 804 2148 sint,
834 2072 958 2135 Dianae
982 2091 1048 2135 non
1070 2071 1178 2135 bona?
1223 2070 1309 2149 Quid

252 2180 302 2241 est
324 2181 394 2241 tam
416 2181 637 2260 perspicuum,
662 2198 770 2260 quam,
798 2197 872 2242 cum
895 2180 1032 2243 fortuito
1055 2178 1182 2242 hostiae
1206 2179 1310 2243 addu-
1402 2227 1405 2233 ,

253 2289 380 2364 cantur,
408 2286 490 2350 talia
521 2286 639 2368 cuique
670 2289 744 2351 exta
772 2305 852 2365 esse,
882 2287 989 2368 qualis
1013 2288 1131 2368 cuique
1155 2287 1312 2368 obtigerit

252 2396 383 2458 hostia?
435 2396 479 2457 At
509 2397 597 2459 enim
620 2395 654 2458 id
677 2396 787 2477 ipsum
810 2396 910 2459 hahet
933 2395 1059 2476 aliquid
1083 2395 1196 2473 divini,
1228 2415 1311 2478 quae

253 2503 371 2582 cuique
394 2503 503 2566 hostia
527 2502 688 2582 obtingat,
716 2505 886 2584 tamquam
909 2505 943 2566 in
967 2503 1121 2581 sortibus,
1151 2522 1234 2584 quae
1258 2505 1312 2567 oui

254 2610 403 2674 ducatur.
455 2610 531 2673 Mox
554 2609 593 2673 de
617 2610 777 2684 sortibus;
807 2629 1005 2691 quamquam
1028 2614 1066 2674 tu
1089 2610 1224 2691 quidem
1245 2630 1311 2675 non

253 2719 443 2796 hostiarum¹
466 2737 600 2782 causam
628 2718 800 2781 confirmas
835 2720 973 2782 sortium
997 2718 1225 2796 similitudino,
1254 2718 1310 2783 sed

204 2833 239 2887 39
256 2826 403 2890 infirmas
427 2826 525 2889 sortis
549 2827 734 2889 conlatione
757 2826 950 2889 hostiarum.
1001 2828 1063 2904 An,
1093 2843 1168 2889 cum
1190 2829 1225 2891 in
1248 2829 1311 2890 Ae·

258 3091 414 3159 blikkeligt.
454 3092 571 3144 molam
593 3093 625 3144 et
647 3091 766 3158 vinum]
789 3090 844 3143 Det
861 3090 973 3145 haeldtes
991 3091 1032 3145 fer
1049 3090 1170 3159 offingen
1189 3090 1223 3159 pt
1240 3090 1314 3143 offer-

260 3180 349 3248 dyrets
372 3180 470 3242 hoved;
495 3181 525 3234 af
546 3183 619 3235 mola
636 3182 705 3249 (som
723 3180 789 3249 ogsd
806 3180 899 3235 kaldos
917 3185 991 3236 molo
1007 3182 1093 3250 calca,
1116 3181 1185 3235 fordi
1204 3181 1249 3234 det
1267 3196 1314 3233 var

259 3270 370 3324 blandet
387 3270 448 3324 med
467 3270 530 3339 salt)
547 3272 667 3324 kommer
685 3271 761 3325 ordet
777 3274 925 3327 amntozare.
957 3276 1051 3325 ortus
1070 3275 1169 3341 atque
1188 3271 1310 3339 obitus]

255 3361 425 3415 Laesemaden
448 3378 476 3415 er
492 3362 555 3414 ikke
574 3363 674 3425 sikker;
697 3362 749 3415 den
767 3379 795 3415 er
812 3362 939 3416 foresldet
956 3362 986 3416 af
1002 3362 1031 3417 Ο.
1050 3362 1080 3416 F.
1098 3363 1139 3416 W.
1158 3363 1256 3415 Muller
1272 3361 1313 3414 for

255 3452 486 3505 hiandskriftemes
509 3454 638 3507 interitus
661 3461 744 3520 cique
769 3455 872 3516 obitus,
899 3453 1027 3506 Davisius
1050 3452 1162 3506 foresldr
1184 3454 1313 3506 interitus

257 3551 340 3610 atqua
360 3552 444 3596 ortas.

205 3617 239 3670 17
256 3633 342 3686 talia
360 3633 490 3701 cuique]
507 3649 544 3686 ac.
563 3634 673 3686 homini.
701 3635 745 3687 At
762 3635 846 3687 enim
866 3677 870 3687 .
891 3676 896 3687 .
916 3634 933 3702 .]
952 3634 1006 3687 Det
1024 3650 1052 3686 er
1069 3633 1104 3686 M.
1125 3632 1239 3687 Cicero's
1258 3630 1312 3698 ord,

211 3688 237 3727 ³⁸
257 3740 290 3776 on
313 3724 418 3776 taenkt
439 3722 605 3791 induending
627 3723 657 3776 al
678 3722 801 3787 Quintus
843 3723 988 3793 Underligt
1011 3741 1039 3777 er
1057 3723 1102 3777 det
1119 3723 1160 3776 for
1177 3725 1267 3776 resten
1285 3724 1314 3774 at

255 3814 375 3883 tillaegge
392 3814 456 3867 ham
474 3813 733 3882 sammenligningen
752 3815 813 3867 med
830 3814 965 3883 lodderne,
983 3815 1023 3867 da*
1034 3815 1089 3867 han
1101 3813 1163 3866 ikke
1176 3813 1226 3866 har
1240 3813 1313 3880 givet

256 3905 403 3973 anledning
421 3904 508 3959 dertil.
549 3921 631 3972 quae
654 3905 707 3957 cui
725 3904 877 3974 ducatur]
896 3906 950 3958 Det
968 3906 1118 3959 ubestemte
1137 3906 1198 3973 qais
1216 3904 1313 3970 bruges

257 3995 361 4049 stledes
383 3996 489 4049 enkelte
512 4012 598 4064 gange
621 3996 630 4047 i
653 3999 685 4049 st.
708 3995 726 4049 f.
752 3999 866 4064 pacisque
884 3996 1021 4065 (Nagelsb.
1042 3996 1107 4050 Lat.
1126 3995 1183 4051 at⁸
1200 4011 1224 4062 p.
1242 3993 1312 4060 373).

256 4086 330 4139 Mox
349 4086 385 4140 de
404 4086 569 4155 sortibus]
588 4102 609 4140 c.
628 4086 669 4139 41.
