2942 4625
519 391 588 447 LIB.
605 391 627 446 Ι.
645 391 687 447 tt.
707 391 833 446 127-57.
853 392 911 446 131.
1178 379 1239 439 107

248 592 276 653 A
298 591 418 654 natura
441 592 552 654 autem
574 591 639 654 alia
662 589 824 683 quaedam
845 590 930 654 ratio
946 592 1007 667 est,
1030 608 1113 672 quae
1133 589 1238 668 docet,
1259 548 1310 683 {2⁷9

181 699 307 779 quanta
330 699 375 762 sit
396 699 498 762 animi
521 699 571 762 vis
595 698 745 762 seiuncta
763 716 782 761 a
802 697 947 780 corporis
966 699 1128 775 sensibus,
1152 698 1240 779 quod

182 806 321 869 maxime
345 804 510 886 contingit
533 808 590 869 aut
609 805 848 870 dormientibus
867 807 924 869 aut
944 808 1053 869 mente
1071 807 1239 887 permotis.

182 912 229 977 Ut
258 913 346 977 enim
377 912 513 977 deorum
540 914 642 977 animi
665 913 736 977 sine
760 913 874 991 oculis,
905 914 975 977 sine
999 913 1144 990 auribus,
1168 914 1239 978 sine

182 1021 298 1101 lingua
327 1021 477 1085 sentiunt
504 1021 592 1085 inter
619 1038 667 1097 se,
702 1019 783 1101 quid
812 1021 951 1102 quisque
981 1020 1114 1097 sentiat,
1140 1039 1240 1085 -en

180 1146 247 1209 quo
274 1128 322 1207 fit,
353 1131 391 1192 ut
413 1129 572 1206 homines,
601 1130 701 1192 etiam
725 1145 801 1192 oum
822 1128 918 1192 taciti
941 1129 1057 1210 optent
1080 1128 1159 1209 quid
1182 1133 1240 1193 aut

182 1237 332 1314 voveant,
361 1255 429 1299 non
458 1235 621 1313 dubitent,
653 1237 734 1318 quin
764 1234 797 1299 di
819 1234 904 1299 illud
927 1235 1104 1299 exaudiant
1127 1273 1167 1282 -
1192 1238 1239 1301 sio

182 1344 285 1407 animi
311 1344 492 1421 hominum,
523 1362 598 1408 cum
621 1345 679 1408 aut
702 1361 816 1407 somno
840 1342 941 1406 soluti
963 1345 1083 1407 vacant
1105 1361 1239 1426 corpore

181 1452 240 1514 aut
261 1454 372 1515 mente
395 1453 536 1533 permoti
553 1470 611 1533 per
628 1469 663 1515 se
680 1451 748 1533 ipsi
764 1450 861 1514 liberi
873 1451 1036 1533 [incitati]
1055 1454 1238 1529 moventur,
1307 1446 1327 1529 ‚l
1348 1474 1363 1541 p
1396 1480 1412 1503 .-

180 1561 322 1622 cernunt
353 1577 400 1637 ea,
431 1577 513 1640 quae
537 1560 690 1641 permixti
712 1576 788 1622 cum
811 1575 946 1640 corpore
970 1559 1104 1640 [animi]
1128 1559 1239 1624 videre
1283 1572 1297 1623 .’
1322 1550 1348 1621 f
1377 1576 1400 1629 c

179 1685 248 1729 non
281 1668 432 1749 possunt.
488 1669 596 1747 Atque
626 1668 711 1730 hanc
744 1664 878 1747 quidem
906 1644 1083 1729 rationem
1100 1670 1238 1731 naturae
1258 1666 1310 1721 130
1367 1672 1375 1679 ’

183 1774 318 1838 difficile
342 1777 392 1837 est
414 1774 554 1838 fortasse
576 1774 749 1838 traducere
773 1771 814 1847 ad
836 1771 871 1835 id
890 1790 994 1853 genus
1013 1772 1238 1851 divinationis,

180 1881 271 1963 quod
294 1898 332 1944 ex
354 1884 424 1946 arte
447 1880 633 1964 profectum
656 1879 807 1957 dicimus,
838 1879 896 1944 sed
917 1883 1029 1944 tamen
1051 1881 1085 1944 id
1109 1900 1240 1962 quoque

182 1990 333 2066 rimatur,
364 1991 525 2069 quantum
556 1990 675 2069 potest,
705 1987 914 2052 Posidonius.
965 1987 1045 2052 Esse
1068 1992 1181 2053 censet
1203 1991 1240 2053 in

181 2100 301 2161 natura
324 2097 419 2177 signa
442 2095 603 2177 quaedam
624 2113 734 2159 rerum
755 2094 953 2159 futurarum.
1002 2095 1136 2161 Etenim
1158 2095 1239 2161 Ceos

179 2206 369 2286 accepimus
397 2207 506 2268 ortum
529 2201 705 2266 Caniculae
733 2202 912 2283 diligenter
934 2205 1111 2283 quotannis
1135 2204 1239 2268 solere

179 2332 310 2377 servare
349 2314 636 2392 coniecturamque
678 2329 804 2393 capere,
844 2313 883 2375 ut
924 2311 1040 2376 scribit
1078 2310 1238 2377 Ponticus
1354 2371 1358 2374 .

180 2420 384 2496 Heraclides,
415 2420 600 2485 salubrisne
629 2438 671 2482 an
700 2420 860 2501 pestilens
890 2438 996 2483 annus
1023 2418 1156 2485 futurus
1184 2423 1238 2485 sit.

182 2528 267 2592 Nam
300 2530 329 2592 si
362 2529 531 2592 obscurior
560 2530 591 2590 et
620 2527 715 2609 quasi
746 2527 927 2607 caliginosa
957 2528 1053 2591 stello
1082 2530 1262 2603 extiterit„

182 2637 304 2717 pingue
332 2639 365 2700 et
393 2639 584 2700 concretum
615 2652 686 2698 osse
716 2634 854 2712 caelum,
887 2637 923 2698 ut
956 2636 1026 2699 eius
1057 2635 1238 2718 adspiratio

178 2745 290 2823 gravis
313 2746 346 2807 et
369 2744 528 2826 pestilens
550 2742 664 2806 futura
687 2741 745 2815 sit3
769 2742 822 2806 sin
843 2742 996 2807 inlustris
1016 2744 1050 2806 et
1068 2744 1239 2825 perlucida

179 2851 279 2914 stella
301 2852 500 2933 apparuerit,
524 2849 714 2930 significari,
739 2850 867 2913 caelum
889 2868 959 2913 esse
983 2852 1082 2914 tenue
1100 2870 1238 2933 purum-

179 2976 245 3039 que
275 2961 307 3022 et
336 2962 509 3041 propterea
538 2945 679 3022 salubre.
732 2956 940 3021 Democritus
974 2959 1085 3021 autem
1114 2961 1237 3034 censet,
1257 2976 1308 3032 131

180 3196 204 3248 Α
219 3196 352 3264 natura]
370 3212 398 3251 o:
417 3196 453 3249 nd
470 3196 511 3250 fra
528 3201 642 3251 naturen
660 3213 718 3251 som
736 3194 953 3263 udgangspunlrt.
980 3196 1150 3264 seiuncta]
1165 3196 1238 3251 Mad·
1254 3163 1296 3275 {279

180 3286 249 3355 vig’s
271 3286 381 3339 rettelse
404 3289 568 3341 ,1616161161
585 3304 677 3357 naeppe
694 3285 855 3353 nedvendig.
898 3286 1237 3356 sentiunt-sentiat]

183 3376 239 3430 »fir
255 3375 415 3430 hverandres
433 3377 626 3447 forestillinger
642 3377 800 3432 1161161161.
828 3379 939 3429 mente
957 3375 1117 3445 permoti]
1134 3376 1237 3431 mindre

181 3467 288 3521 11611611
314 3471 376 3536 sagt
401 3485 443 3521 om
472 3471 565 3537 animi,
591 3485 653 3523 men
679 3468 733 3536 dog
759 3482 851 3535 naeppe
878 3466 1047 3535 uantageligt
1070 3467 1111 3535 (se
1135 3465 1237 3522 Giese's

180 3558 366 3626 lrommentar).
410 3559 448 3612 At
471 3559 640 3613 underforstd
661 3560 784 3614 homines
802 3557 836 3610 111
854 3564 996 3612 mouentur
1014 3557 1079 3610 eller
1096 3556 1184 3626 tillige
1202 3559 1236 3612 til

180 3657 284 3703 cocant
300 3665 417 3717 corpore
434 3666 462 3702 er
479 3650 580 3718 gauske
598 3648 703 3704 absurd.
728 3647 871 3717 [animill
890 3663 968 3717 synes
986 3651 1015 3701 at
1033 3663 1100 3701 vare
1117 3648 1237 3702 lrommet

179 3738 228 3792 ind
245 3740 255 3791 i
272 3738 380 3792 telrsten
404 3739 454 3793 ved
477 3756 511 3793 en
532 3739 726 3808 forvanskning
743 3739 801 3808 (det
817 3739 948 3792 forsvares
966 3737 1019 3808 dog
1036 3738 1066 3792 af
1080 3738 1185 3793 Vahlen
1202 3740 1237 3793 til

180 3828 398 3898 Qmpffi

179 3920 316 3974 Etenim
335 3919 419 3974 Ceos
438 3964 443 3975 .
464 3963 470 3973 .
490 3919 508 3989 .]
531 3919 664 3973 Naermere
687 3920 748 3973 isaer
764 3920 781 3973 i
805 3919 890 3974 skhol.
915 3919 949 3972 111
972 3918 1060 3987 Apoll.
1087 3917 1172 3972 Rhod.
1196 3917 1234 3972 H.
1256 3930 1295 3972 leo

177 4011 237 4065 498.
273 4010 486 4077 Heraclides]
511 4010 608 4064 omtalt
629 4010 671 4064 23.
693 4010 729 4065 46
778 4009 941 4079 salubris]
967 4025 995 4063 se
1017 4008 1145 4076 Mdv.⁸§
1166 4008 1236 4063 53b

178 4118 250 4157 anm.
261 4103 284 4158 1.
310 4102 436 4170 pingue
455 4104 488 4154 et
506 4104 709 4167 concretum]
722 4100 945 4170 ›tykoguklar‹;
961 4100 994 4169 jf.
1006 4108 1132 4155 concere
1143 4101 1183 4155 11.
1195 4100 1234 4154 18.
