2942 4625
526 385 595 441 LIB.
613 386 635 440 Ι.
653 385 695 440 57.
714 386 841 441 131-58,
860 385 918 440 132.
1191 372 1252 432 109

259 585 471 667 indidemque
501 584 614 649 eadem
638 584 740 666 aeque
764 585 916 650 oriuntur
939 585 977 649 de
1000 584 1129 665 integro
1153 587 1252 666 atque

885 692 999 757 eodem
1022 693 1188 757 decidunt.

194 801 282 879 Quid
306 802 357 864 est
379 801 493 881 igitur,
523 817 590 875 our,
618 818 694 865 oum
718 800 834 865 domus
857 801 901 865 sit
925 803 1071 865 omnium
1094 820 1169 878 una,
1198 819 1253 865 ea·
1306 844 1309 850 -

194 927 258 990 quc
283 908 476 982 eommunis,
500 925 639 989 cumque
662 909 765 973 animi
787 902 958 973 hominum
981 927 1109 990 semper
1128 909 1253 973 fuerint

195 1017 366 1098 futurique
390 1018 467 1094 sint,
499 1032 557 1079 our
578 1016 614 1093 ii,
638 1016 717 1096 quid
741 1035 779 1080 ex
802 1035 930 1098 quoque
954 1017 1092 1093 eveniat,
1116 1018 1149 1080 et
1173 1016 1252 1098 quid

195 1142 360 1205 quamque
381 1142 451 1187 rem
475 1123 648 1203 significet,
672 1125 857 1206 perspicere
881 1124 1120 1207 nonpossint?
1162 1124 1252 1189 Haeo
1346 1180 1351 1189 .

196 1231 318 1310 habui,'
343 1232 463 1312 inquit,
488 1230 537 1294 ‘de
562 1230 764 1315 divinatione
788 1250 871 1312 quae
896 1232 1047 1295 dicerem.

260 1339 358 1403 Nune
379 1339 438 1402 illa
460 1338 617 1416 testabor,
640 1357 706 1402 non
729 1358 781 1403 me
797 1340 970 1420 sortilegos
985 1357 1091 1420 neque
1108 1357 1172 1416 cos,
1197 1339 1254 1421 qui
1271 1308 1322 1443 {0}

195 1448 354 1528 quaestus
388 1465 487 1510 causa
516 1446 729 1525 hariolantur,
760 1465 801 1510 ne
831 1448 1081 1530 psychomantia
1111 1446 1253 1528 quidem,

196 1554 316 1636 quibus
346 1555 484 1636 Appius,
520 1554 645 1617 amicus
678 1556 772 1632 tuus,
807 1557 858 1619 uti
891 1555 1028 1633 solebat,
1062 1572 1253 1635 agnoscere3

197 1681 264 1726 non
286 1662 389 1726 habeo
407 1661 547 1743 denique
563 1661 662 1725 nauci
677 1661 825 1726 Marsum
846 1681 1015 1744 augurem,
1038 1681 1105 1725 non
1121 1664 1254 1727 vicanos

196 1755 399 1852 haruspices,
422 1789 489 1833 non
513 1769 551 1833 de
576 1770 662 1833 circo
687 1771 879 1851 astrologos,
902 1791 970 1836 non
984 1770 1108 1835 Isiacos
1125 1773 1254 1835 coniec-
1353 1851 1359 1861 Ι

196 1880 295 1949 tores,
319 1896 386 1940 non
409 1879 606 1959 interpretes
630 1879 846 1953 somniorum3
870 1897 937 1941 non
960 1879 1048 1942 enim
1064 1887 1141 1943 sunt
1155 1880 1179 1943 ii
1196 1883 1254 1943 aut

197 1986 339 2048 scientia
361 1988 419 2049 aut
442 1987 511 2048 arte
536 1984 649 2061 divini,

263 2090 320 2155 sed
344 2093 567 2174 superstitiosi
591 2094 682 2156 vates
704 2091 970 2175 inpudentesque
993 2093 1120 2172 harioli,

263 2199 466 2264 attinentes
490 2200 548 2264 aut
569 2201 679 2263 insani
703 2202 760 2264 aut
784 2199 904 2281 quibus
928 2204 1057 2281 egestas
1079 2201 1231 2284 imperat,

262 2306 320 2389 qui
343 2307 406 2372 sibi
422 2306 573 2373 semitam
588 2327 654 2371 non
671 2309 816 2391 sapiunt,
840 2307 935 2374 alteri
950 2308 1137 2374 monstrtnt
1153 2313 1253 2386 viam,

263 2416 383 2497 quibus
413 2417 546 2481 divitias
574 2416 782 2498 pollicentur,
814 2416 854 2481 ab
882 2419 923 2482 iis
954 2418 1166 2482 drachumam
1189 2418 1255 2502 ipsi

164 2512 166 2516 ’
1060 2528 1189 2608 petunt.

205 2671 211 2678 -
262 2632 311 2695 De
341 2630 393 2713 his
425 2630 550 2694 diuitiis
581 2630 644 2695 sibi
675 2631 841 2696 deducant
863 2631 1086 2709 drachumam,
1112 2634 1254 2698 reddant

1071 2740 1189 2805 ottera.

196 3016 239 3069 42.
258 3015 312 3084 93),
336 3018 365 3068 at
388 3015 438 3069 ved
458 3016 542 3069 certa
558 3017 690 3085 piparodi
707 3032 741 3084 og
759 3017 900 3070 educandi
916 3033 944 3070 er
962 3017 1047 3090 denne
1065 3017 1181 3071 forkerte
1200 3018 1255 3072 ord-

197 3107 306 3176 stilling
323 3106 488 3176 almindelig.
524 3106 678 3174 omnium]
696 3110 829 3161 neutrum.
973 3155 975 3160 .

199 3197 400 3265 sortilegos]
439 3196 805 3266 »lodiraekningssptmaend«.
868 3197 1142 3268 psychomantia]
1179 3176 1313 3286 (0385ss

197 3293 405 3361 νεκρομαντεῖα,
428 3289 637 3359 νεκυομαντεῖα)
659 3287 787 3356 betegner
807 3288 837 3356 jo
860 3288 981 3357 egentlig
1007 3289 1039 3343 de
1067 3290 1162 3359 stellet,
1189 3289 1256 3346 hvor

199 3394 262 3431 man
280 3376 321 3430 fir
338 3376 434 3430 afdede
451 3379 543 3430 manet
561 3377 641 3442 frem3
660 3377 708 3430 her
720 3378 821 3431 taenkes
836 3379 889 3446 dog
903 3378 937 3448 pt
951 3379 1022 3433 solve
1037 3382 1181 3450 meningen
1191 3383 1256 3436 eller

198 3466 559 3535 tndemaner-professionen.
609 3468 751 3538 Appius]
779 3486 807 3523 se
833 3472 915 3523 noten
943 3470 983 3524 16.
1010 3470 1057 3536 293
1084 3471 1151 3524 hans
1178 3471 1256 3526 tnde-

199 3559 339 3627 meninger
357 3558 469 3611 omtales
488 3557 553 3626 ogsi
566 3558 643 3613 Mc.
658 3559 680 3612 1:
692 3559 732 3613 16.
743 3560 784 3614 37.
811 3560 922 3628 nauci]
936 3561 1029 3616 Mdv
1047 3562 1129 3630 §294
1146 3579 1215 3617 anm.
1232 3564 1255 3618 1.

199 3649 354 3715 Marsum]
378 3648 513 3702 Marserne
538 3666 586 3701 var
611 3649 744 3703 belrendte
766 3650 808 3719 (jf.
827 3651 865 3705 II.
884 3652 925 3705 33.
944 3652 988 3721 70)
1013 3652 1054 3707 for
1077 3653 1151 3707 dores
1176 3655 1255 3709 trold-

199 3738 396 3807 domskunster,
415 3738 696 3808 slangebesvaergelser
713 3756 767 3795 osv.
798 3741 834 3795 de
853 3742 953 3813 circo]
973 3744 1030 3798 Vad
1048 3745 1133 3798 circus
1152 3744 1255 3814 plejede
1280 3787 1299 3811 .

199 3827 341 3881 allehtnde
364 3830 471 3897 geglere
496 3846 530 3898 og
551 3828 718 3883 charlataner
740 3834 769 3885 at
786 3830 866 3886 holde
884 3833 925 3887 til.
969 3834 1101 3888 Isiacos
1129 3837 1256 3890 coniec-

199 3920 303 3987 tores]
331 3934 358 3974 o:
385 3920 598 3988 Isis-prasterue.
650 3920 707 3974 sed
734 3923 975 3990 superstitiosi
1000 3968 1005 3979 .
1026 3967 1031 3978 .
1051 3926 1067 3994 .]
1092 3927 1153 3993 (sed
1178 3926 1256 3981 herer

199 4009 327 4079 muligvis
341 4009 379 4062 'til
398 4008 428 4074 Q.
448 4010 562 4086 Cicero's
581 4027 647 4079 egne
666 4011 732 4079 ord.)
774 4012 877 4067 Citatet
900 4030 928 4066 er
946 4013 976 4068 af
990 4014 1118 4069 Ennius’s
1136 4016 1256 4085 tragedia

204 4100 313 4154 Telamo
331 4098 373 4168 (jf.
391 4117 419 4155 a.
438 4101 465 4155 d.
483 4100 535 4154 III.
554 4100 594 4155 32.
609 4100 658 4168 79).
686 4102 784 4156 Metret
802 4119 829 4156 er
847 4103 898 4157 den
916 4104 1003 4160 trokh.
1023 4109 1159 4175 septenar;
1178 4107 1188 4159 i
1205 4107 1256 4162 4de
