2942 4625
569 404 636 459 LIB.
656 405 676 460 1.
695 407 720 459 3.
739 405 817 460 6-5.
836 405 860 460 9.
1204 392 1242 452 11

184 611 257 671 tum
286 609 346 670 est.
402 605 487 669 Nem
518 623 593 669 oum
622 605 813 669 ambulandi
842 622 941 669 eausa
962 607 999 668 in
1021 605 1165 688 Lyceum
1188 624 1244 668 ve-

183 718 348 781 nissemus
372 751 408 760 —
436 713 470 777 id
494 713 582 777 enim
605 713 766 794 superiori
790 715 960 795 gymnasio
978 731 1097 777 nomen
1117 716 1167 777 est
1191 750 1242 791 -‚

183 823 341 907 ‘perlegi'‚
366 822 454 904 [ille]
477 823 596 902 inquit,
621 824 727 885 ‘tuum
749 821 848 903 poulo
872 823 948 884 ante
971 822 1108 885 tertium
1127 822 1165 885 de
1183 840 1243 885 nu-

183 937 259 996 tura
282 931 427 1007 deorum,
450 930 486 993 in
509 948 573 1010 quo
597 928 779 1011 disputatio
792 928 906 994 Cottae
930 947 1129 1010 quemquem
1151 930 1242 992 lube-

183 1040 322 1104 fuotevit
345 1038 544 1102 sententiam
561 1055 677 1115 meam,
700 1057 767 1101 nou
784 1036 937 1101 funditus
953 1041 1066 1101 temen
1083 1037 1241 1102 sustulit!

184 1147 326 1231 ‘Optime
350 1145 444 1221 vero‚'
469 1146 613 1226 iuquam,
642 1147 775 1209 ‘etenim
798 1147 868 1227 ipse
892 1143 989 1209 Cotta
1012 1146 1059 1209 sio
1082 1145 1242 1228 disputet,
1341 1163 1346 1172 ·

184 1259 222 1319 ut
239 1254 424 1319 Stoicorum
446 1256 551 1334 magis
575 1257 770 1334 argumenta
787 1253 936 1317 confutet
954 1272 1053 1334 quam
1070 1253 1241 1317 hominum

183 1364 293 1428 deleat
310 1360 524 1442 religionem'
560 1361 643 1425 Tum
656 1360 814 1440 Quintus:
839 1361 972 1425 ‘dieitur
984 1362 1117 1442 quidem
1133 1361 1241 1438 istuo'‚

182 1472 303 1553 inquit,
335 1477 364 1533 ‘a
387 1468 492 1546 Cotta,
524 1473 556 1533 et
579 1488 654 1534 vero
684 1471 826 1551 saepius,
857 1469 962 1546 eredo,
991 1488 1032 1533 ne
1055 1471 1242 1533 eommunia

182 1582 255 1644 iure
283 1580 424 1659 migrure
455 1578 619 1653 videatur3
651 1578 708 1641 sod
739 1577 849 1641 studio
878 1580 992 1642 eontra
1016 1576 1143 1641 Stoicos
1172 1578 1240 1642 dis-

183 1687 314 1753 serendi
345 1686 421 1750 deos
448 1687 531 1750 mihi
560 1686 691 1749 videtur
718 1685 870 1749 funditus
892 1685 1018 1749 tollere.
1063 1686 1143 1750 Eius
1167 1701 1275 1753 ora-9

183 1796 267 1860 tioni
297 1814 364 1858 non
392 1813 470 1857 sene
494 1793 652 1870 desidero,
685 1793 765 1875 quid
787 1794 1018 1875 respondeam3
1048 1795 1128 1858 satis
1153 1795 1241 1858 enim

183 1904 319 1969 defense
349 1903 464 1982 religio
494 1904 544 1966 est
573 1902 608 1965 in
637 1901 781 1965 seeundo
809 1902 893 1966 libro
924 1921 943 1965 a
972 1902 1109 1976 Lucilio,
1145 1903 1240 1966 ouius

184 2011 367 2094 disputatio
396 2010 459 2073 tibi
489 2010 565 2092 ipsi,
596 2012 633 2073 ut
662 2010 697 2073 in
728 2013 871 2074 extremo
904 2011 1003 2073 tertio
1038 2010 1163 2086 scribis,
1199 2009 1240 2073 ad

183 2121 356 2183 veritatem
374 2121 424 2182 est
441 2120 511 2182 visa
530 2119 732 2200 propensior.
769 2116 842 2195 Sed,
867 2117 955 2198 quod
972 2118 1241 2200 praetermissum

183 2230 234 2291 est
263 2229 299 2292 in
328 2227 396 2292 illis
419 2226 513 2290 libris
537 2264 578 2272 -
601 2226 707 2303 oredo,
732 2227 810 2307 quia
834 2226 1035 2291 commodius
1059 2214 1239 2289 arbitratis

182 2356 228 2415 es,
259 2337 435 2418 seperatim
464 2334 499 2398 id
527 2337 640 2415 quaeri
664 2334 768 2416 doque
793 2354 829 2399 eo
854 2335 970 2399 disseri
994 2373 1045 2411 -,
1068 2334 1103 2398 id
1126 2337 1176 2398 est
1200 2333 1239 2398 de

183 2444 396 2522 divinatione,
427 2461 510 2523 quae
534 2445 584 2507 est
607 2462 720 2507 earum
743 2461 862 2520 rerum,
891 2462 973 2524 quae
996 2444 1153 2507 fortuitae
1176 2462 1239 2524 pu-

186 2700 233 2736 ver
249 2682 364 2737 Cicero’s
382 2680 695 2751 yndlingsopholdssted3
715 2682 783 2736 efter
800 2682 851 2735 den
866 2681 915 2733 har
928 2681 1100 2735 Tusculanae
1113 2682 1240 2749 disputa·

182 2777 278 2839 moneo,
297 2789 355 2826 som
372 2773 525 2841 henlaegges
543 2772 633 2840 hertil,
654 2771 710 2826 feet
727 2789 807 2827 naun.
843 2772 897 2825 Der
915 2770 1020 2824 fandtes
1038 2774 1067 2824 to
1083 2774 1240 2840 qymnum'a,

182 2882 241 2918 som
264 2863 369 2918 kuldtes
388 2864 542 2917 Academia
566 2879 601 2932 og
620 2863 742 2933 Lycum
764 2862 832 2916 efter
857 2862 977 2915 Platon's
1001 2878 1036 2930 og
1057 2863 1239 2917 Aristoteles's

183 2957 302 3010 beremte
311 2954 470 3024 gymnasier.
490 2955 679 3013 ambulandi
697 2953 805 3024 causa]
820 2952 1241 3023 PiPeripetetikemesvisferer

183 3046 312 3101 brodrene
335 3045 385 3098 den
408 3044 491 3098 forste
513 3045 556 3099 del
578 3040 702 3099 uideres
726 3044 838 3099 samtale
861 3044 1019 3113 spasereude
1041 3046 1051 3098 i
1073 3046 1239 3114 gymnesiets

182 3137 350 3207 sojlegange3
369 3135 496 3203 ligeledes
518 3136 595 3191 Touo.
609 3136 680 3192 11.4.
692 3129 731 3191 10.
758 3137 903 3205 tertium]
921 3152 960 3192 so.
979 3137 1086 3190 librum.
1112 3136 1244 3205 Cottae}

184 3227 213 3282 C.
224 3227 348 3281 Aurelius
362 3224 452 3294 Cotta,
471 3243 523 3280 coe.
543 3227 628 3295 5175,
647 3230 724 3280 auset
743 3245 798 3281 som
817 3227 887 3281 tuler
904 3243 939 3295 og
956 3226 1057 3295 kyndig
1075 3228 1084 3280 i
1103 3227 1240 3295 filosofien,
1351 3212 1353 3214 ’

180 3319 314 3372 forsvurer
331 3317 342 3370 i
359 3316 482 3385 dialogen
502 3318 536 3371 de
552 3328 659 3373 nutura
677 3320 791 3372 deorum
808 3317 854 3372 det
866 3317 1045 3372 Akedemislre
1064 3317 1240 3386 stundpunkt‚

182 3409 291 3463 medens
310 3407 362 3461 den
380 3407 507 3460 nedenfor
524 3413 628 3463 naevnte
647 3408 677 3474 Q.
697 3408 817 3462 Lucilius
836 3409 938 3462 Bulbus
956 3411 1157 3477 representerer
1173 3408 1241 3462 Stoi-

182 3500 295 3553 kismen.
322 3498 452 3567 etenim]
474 3499 568 3567 ›ogsi‹
589 3499 625 3568 (o:
644 3499 749 3552 hvillret
767 3503 893 3553 stemmer
910 3498 976 3568 godi
989 3499 1050 3553 med
1064 3498 1110 3552 det
1123 3498 1240 3568 indtryk,

183 3590 220 3644 du
237 3590 286 3644 har
303 3590 378 3659 feet).
406 3592 441 3642 ut
452 3589 632 3643 Stoicorum
648 3633 654 3644 .
669 3632 674 3644 .
690 3590 706 3658 .]
728 3591 784 3642 Det
801 3590 926 3658 fulgendo
943 3589 1021 3659 tyder
1034 3594 1139 3644 snarest
1152 3591 1194 3660 pi,
1213 3595 1241 3644 at

182 3681 230 3735 det
247 3681 309 3734 ikke
327 3697 355 3734 er
373 3696 405 3733 en
424 3679 511 3749 fulge,
530 3697 592 3734 men
610 3697 642 3734 en
660 3681 909 3749 hensigissaetning:
928 3679 983 3749 det,
1001 3680 1083 3735 Cotta
1100 3681 1138 3734 vil
1156 3698 1241 3750 merge

182 3772 245 3826 mod
255 3770 441 3838 miskeudelse,
455 3771 559 3824 erhans
569 3771 686 3840 hensigt.
709 3772 891 3825 eommunia
909 3772 980 3825 iure
994 3772 1144 3840 migrare]
1158 3788 1242 3826 »over-
1315 3784 1317 3789 ’

182 3864 264 3918 traede
288 3862 321 3915 de
343 3861 515 3931 ulmindelige
539 3861 873 3931 menneskerettighedem,
900 3862 995 3916 »traede
1017 3861 1077 3916 dem
1100 3862 1241 3918 former«.

183 3957 277 4009 Denne
294 3951 444 4022 betydning
462 3952 492 4006 ef
508 3954 745 4007 commentatore
763 3952 847 4007 findes
866 3953 887 4008 Ι.
912 3953 986 4007 Verr.
1004 3952 1029 4007 4.
1048 3953 1109 4008 13.·
1125 3954 1180 4007 Her
1197 3954 1242 4008 mi

182 4062 273 4100 menes
291 4046 380 4098 retten
397 4042 431 4095 til
449 4046 478 4096 et
496 4042 610 4097 beholde
629 4044 672 4097 sin
689 4044 815 4113 religiose
833 4047 882 4098 tro.

182 4137 349 4203 desidero,
368 4133 444 4202 quid
459 4133 681 4203 respondeum]
698 4134 807 4188 Ernesti
817 4134 928 4188 foreslir
938 4136 1021 4205 quod,
1036 4135 1128 4190 misle
1138 4136 1242 4205 rigtigt‚
1262 4143 1275 4183 9
