2942 4625
548 385 616 441 LIB.
634 386 655 440 Ι.
676 387 715 440 14.
733 386 844 440 24-15.
862 387 904 442 26.
925 417 926 420 =
1214 376 1255 436 27

198 583 308 664 ipsum
342 584 556 650 fefellerunt?
602 585 726 652 Similis
762 590 811 650 est
841 587 1055 669 haruspioum
1084 589 1255 671 responsio

198 693 370 773 omnisque
394 694 571 776 opinabilis
595 694 770 769 divinati03
803 697 991 759 coniectura
1014 698 1102 760 enim
1124 698 1255 774 nititur,

178 800 287 882 ‚ultra
310 820 408 881 quam
431 802 585 884 progredi
607 821 674 865 non
697 804 817 884 potest.
852 803 900 867 Ea
922 803 1010 867 fallit
1032 803 1171 868 fortasse
1188 824 1255 868 non
1272 816 1307 868 25

198 927 390 989 numquam,
418 910 476 974 sed
505 912 617 974 tamen
639 910 680 974 ad
704 911 877 975 veritatem
901 911 1091 993 saepissime
1116 912 1254 992 derigit;

198 1017 250 1079 est
272 1017 360 1079 enim
377 1019 416 1081 ab
434 1020 523 1082 omni
539 1019 734 1082 aeternitate
750 1019 901 1102 repetita,
925 1020 960 1082 in
977 1038 1041 1099 qua
1060 1037 1135 1083 aum
1151 1038 1265 1101 paene«

198 1124 484 1190 innumerabiliter
506 1145 557 1189 res
581 1125 694 1189 eodem
716 1126 812 1191 modo
836 1127 1006 1190 evenirent
1028 1126 1134 1190 isdem
1150 1128 1254 1206 signis

198 1233 408 1312 antegressis,
432 1253 484 1298 ars
508 1236 557 1298 est
580 1233 696 1297 effoeta
719 1234 832 1298 eadem
852 1252 949 1316 saepe
965 1235 1254 1300 animadvertendo

198 1358 237 1403 ae
260 1341 415 1404 notendo.

264 1449 422 1530 Auspicia
451 1468 525 1514 vero
556 1453 664 1513 vestra
688 1468 786 1530 quam
810 1453 978 1513 eonstanti
1010 1470 1093 1531 quae
1122 1452 1255 1533 quidem
1275 1450 1315 1509 15

197 1573 287 1619 nune
310 1574 329 1619 a
351 1556 508 1621 Romanis
532 1557 712 1638 auguribus
735 1558 932 1637 ignorantur
958 1559 1090 1623 —bona
1112 1561 1173 1623 hoe
1197 1563 1255 1625 tua

198 1665 294 1727 uenia
311 1663 448 1729 dixerim
463 1703 514 1740 -,
531 1685 549 1729 a
565 1663 733 1745 Cilicibus,
751 1666 966 1749 Pamphyliis,
988 1665 1120 1744 Pisidia,
1144 1668 1255 1750 Lyeiis

199 1773 364 1835 tenentur.
414 1767 500 1837 Nam
528 1773 607 1854 quid
637 1794 696 1856 ego
726 1776 891 1857 hospitem
909 1776 1074 1851 nostrum,
1098 1775 1254 1840 elarissu·
1272 1787 1307 1839 26

198 1899 289 1943 mum
318 1882 416 1961 atque
446 1884 619 1963 optumum
648 1885 765 1960 virum,
794 1883 985 1946 Deiotarum
1014 1901 1134 1962 regem,
1165 1902 1255 1948 oom-

199 2197 307 2267 nulla]
325 2198 380 2251 Det
397 2214 425 2252 er
442 2199 504 2253 ikke
524 2216 556 2253 en
575 2200 663 2264 skale,
685 2217 743 2254 aon
760 2201 840 2254 nulla
857 2200 910 2252 keu
928 2198 990 2251 ikke
1008 2198 1121 2267 betegne
1140 2204 1167 2252 et
1184 2200 1272 2268 ring-·

200 2304 242 2342 ere
261 2289 336 2342 antal
354 2288 405 2343 end
424 2292 568 2358 quaedam,

199 2380 238 2432 ab
257 2381 345 2432 omni
363 2383 582 2450 aeternitate]
601 2404 631 2430 =
646 2383 681 2435 ab
698 2382 796 2436 ultimo
816 2383 994 2450 antiquitaie;
1019 2379 1051 2448 jf.
1072 2383 1256 2436 coerimonias
1275 2386 1301 2425 25

200 2471 235 2523 ab
255 2472 329 2524 omni
345 2479 480 2527 vetustate
498 2481 628 2541 aceeptus
645 2473 718 2541 (bor.
737 2490 809 2540 resp.
828 2473 868 2526 13.
887 2471 939 2539 29).
975 2470 1073 2539 Ligesi
1090 2471 1131 2525 55.
1152 2472 1211 2528 125.

199 2561 326 2629 vestra]
345 2561 381 2616 M.
392 2562 484 2617 Cicero
502 2579 549 2616 var
566 2562 662 2616 bleven
680 2562 755 2632 valgt
772 2562 806 2615 til
821 2579 906 2631 augur
920 2562 929 2614 i
944 2561 980 2615 M.
990 2561 1110 2614 Licinius
1120 2561 1256 2617 Crassus's
1275 2554 1309 2607 15

186 2651 268 2720 stad,
287 2651 321 2706 da
339 2651 424 2706 denne
441 2670 488 2707 var
505 2652 614 2706 faldeni
629 2652 840 2729 Mesopotamien
854 2652 883 2705 ir
897 2652 938 2707 53.
966 2668 1063 2720 quam
1082 2654 1255 2722 constant]

200 2743 361 2811 naturligris
385 2760 475 2798 menes
498 2743 554 2796 kun
577 2743 711 2798 varslerne
730 2743 794 2811 salv,
817 2743 880 2796 ikke
898 2758 1058 2811 auguremes
1077 2743 1256 2813 virksomhed,

201 2832 247 2885 der
263 2834 423 2902 tvaertimod‚
442 2835 513 2903 sigor
531 2833 656 2903 Quintus,
674 2834 749 2888 leder
765 2838 855 2902 meget
871 2833 974 2901 tilbage
993 2836 1022 2885 at
1039 2833 1130 2888 enske.
1165 2834 1256 2903 (Giese

201 2923 251 2976 har
267 2923 325 2977 helt
343 2924 507 2979 misforsttet
525 2924 593 2978 bride
612 2924 700 2979 stedet
718 2926 774 2978 selv
792 2941 827 2994 og
844 2924 1011 2992 Hottinger's
1030 2923 1196 2993 forklaring.)

200 3014 280 3067 Nam
300 3015 381 3082 quid
399 3032 456 3085 ego
476 3059 481 3070 .
502 3059 507 3071 .
527 3017 543 3083 .]
568 3016 712 3084 Meningen
731 3033 771 3069 er:
793 3015 840 3084 jeg
858 3016 896 3068 vil
913 3015 975 3069 ikke
993 3030 1085 3067 nevae
1103 3015 1148 3079 D.;
1166 3016 1194 3068 ti
1211 3016 1257 3071 det
1276 3033 1302 3073 aa

201 3122 229 3158 er
247 3105 411 3174 overfledigt‚
430 3107 464 3160 da
482 3107 517 3160 du
535 3106 635 3160 kender
652 3107 722 3161 ham.
760 3106 868 3160 Siledes
886 3106 983 3175 bruges
1001 3108 1091 3173 meget
1109 3105 1164 3159 ofte
1181 3124 1256 3175 nam,

202 3195 339 3264 sjoeldnere
364 3200 434 3251 enirn
457 3198 517 3265 thos
537 3197 629 3252 Oieero
651 3197 706 3250 kun
729 3198 740 3250 i
764 3196 964 3265 parenthetiske
986 3195 1115 3259 indskud;
1138 3213 1259 3265 nomque

201 3287 287 3340 findas
304 3289 346 3342 30.
364 3287 417 3356 62),
439 3288 473 3341 til
497 3292 525 3340 at
546 3287 653 3341 indlerle
676 3287 873 3356 imedegtelsen
895 3287 925 3341 af
945 3286 997 3339 den
1014 3286 1115 3339 toenkte
1132 3286 1258 3340 induend-

202 3379 260 3447 ing:
283 3377 391 3433 hvorior
409 3379 527 3432 omtales'
539 3378 601 3431 ikke
620 3378 666 3433 det
683 3379 748 3432 eller
766 3378 828 3431 det?
864 3377 915 3446 Nej
935 3377 992 3445 (det
1010 3392 1038 3429 er
1054 3376 1258 3445 unedvendigt)‚

202 3469 215 3522 f
220 3487 254 3523 or
272 3513 277 3524 .
298 3513 303 3524 .
323 3491 344 3524 ,ι
378 3471 471 3523 Denne
489 3468 679 3537 udtryksmbde
697 3469 790 3522 kaldes
810 3471 964 3537 occupatio.
988 3467 1043 3520 Der
1059 3466 1144 3520 findas
1162 3484 1258 3536 prenge

202 3561 352 3629 eksempler
368 3560 451 3629 herpi
468 3562 478 3613 i
497 3560 543 3613 det
560 3558 692 3628 felgaria
711 3558 814 3612 stledes
831 3559 867 3613 Π.
887 3561 909 3613 1.
928 3558 953 3626 3,
983 3559 1023 3613 19.
1041 3558 1083 3624 43,
1112 3559 1154 3612 30.
1173 3558 1207 3611 63
1225 3575 1260 3627 og

202 3652 245 3720 65,
279 3653 321 3706 31.
339 3653 373 3706 66
391 3668 425 3720 og
442 3652 486 3717 67,
513 3650 554 3705 32.
573 3651 607 3704 68
625 3667 659 3719 og
675 3651 717 3718 69,
746 3650 787 3704 36.
805 3649 847 3717 77,
877 3649 918 3703 37.
936 3649 978 3702 78.
1023 3648 1086 3702 Oite
1108 3649 1161 3701 kan
1185 3648 1259 3707 detto
1330 3646 1335 3657 ⁴

203 3759 269 3796 raam
287 3746 439 3796 oversoettes
457 3742 507 3796 ved
528 3732 591 3810 »og«
612 3741 676 3794 eller
696 3757 796 3794 amena.
832 3741 1039 3808 Deiotarum]
1058 3739 1179 3793 tetrarkh
1198 3756 1259 3792 over

203 3832 364 3886 Trokmeme
382 3834 392 3886 i
412 3833 544 3887 Galatien.
570 3833 606 3886 M.
626 3832 742 3886 Cioero's
759 3831 877 3884 venskab
895 3830 979 3883 vandt
996 3830 1051 3883 han
1068 3830 1118 3883 ved
1133 3834 1161 3883 at
1176 3833 1259 3883 stette

203 3924 267 3978 ham
289 3924 350 3977 merl
373 3924 434 3978 hele
456 3925 498 3977 sin
522 3923 708 3992 troppestyrke
726 3923 735 3976 i
755 3922 787 3975 de
805 3922 909 3990 kampe,
933 3921 988 3975 han
1011 3920 1097 3974 harde
1122 3937 1179 3973 som
1203 3936 1259 3988 pro·

203 4017 301 4070 konsul
318 4018 328 4070 i
343 4016 470 4069 Kilikieu.
498 4015 531 4069 D.
550 4013 667 4068 sluttede
683 4015 726 4081 sig
739 4013 773 4065 til
786 4013 951 4080 Pompeius's
966 4012 1045 4080 parti,
1063 4010 1146 4064 vandt
1160 4010 1259 4064 herred

204 4109 273 4163 bide
290 4109 352 4162 flere
369 4106 610 4174 landstraekninger
627 4122 662 4173 og
679 4105 867 4172 kongenavnet
884 4119 919 4171 og
933 4101 1067 4171 koempede
1079 4105 1187 4170 tappert
1198 4101 1259 4155 med
