2942 4625
486 417 488 420 ψ
510 377 578 431 LIB.
597 377 632 432 Π.
651 378 692 432 68.
711 378 837 433 142-70.
857 377 914 432 144.
1177 366 1239 427 215

184 578 302 641 erroris
326 576 479 640 effecerit.
525 576 614 655 Quae
637 577 742 657 igitur
763 553 883 642 natura
905 577 1027 641 obtulit
1049 578 1141 641 illam
1164 597 1239 660 spe·

183 686 267 748 ciem
302 682 473 761 Simonidi,
496 703 526 749 ,a
560 703 624 765 qua
657 687 825 749 vetaretur
857 686 1035 765 navigare?
1068 689 1126 749 aut
1159 685 1239 765 quid

182 794 321 856 naturae
345 792 534 874 copulatum
550 792 668 855 habuit
680 791 862 856 Alcibiadis
878 791 964 873 quod
981 792 1137 857 scribitur
1153 811 1239 857 som-

183 900 286 976 nium,
321 900 378 980 qui
411 899 509 982 paulo
544 902 620 963 ante
650 899 822 964 interitum
851 902 942 965 visus
972 903 1023 964 ost
1050 900 1085 963 in
1116 901 1239 964 somnis

46 1045 50 1056 ·
167 1008 307 1088 amicae
331 1025 402 1074 esse
425 1007 566 1071 amiotus
590 1007 755 1072 amiculo?
804 1006 838 1071 Is
866 1024 941 1071 oum
963 1010 1051 1072 esset
1074 1008 1239 1090 proiectus

182 1115 375 1184 inhumatus
392 1114 432 1178 ab
449 1114 666 1195 omnibusque
682 1114 832 1178 desertus
842 1116 979 1192 iaceret,
1000 1116 1105 1179 amica
1121 1108 1240 1197 corpus

183 1224 254 1287 eius
277 1223 359 1286 texit
382 1240 441 1286 suo
464 1222 575 1304 pallio.
616 1222 702 1302 Ergo
725 1223 787 1286 hoo
810 1222 917 1285 inerat
939 1222 974 1285 in
996 1222 1094 1287 rebus
1117 1222 1239 1286 futuris

183 1334 217 1394 et
244 1347 360 1394 causas
390 1329 551 1394 naturalis
580 1330 732 1406 habebat,
761 1337 813 1406 an,
842 1331 875 1393 et
897 1332 935 1393 ut
957 1327 1125 1393 videretur
1146 1332 1179 1393 et
1202 1331 1240 1393 ut

183 1437 338 1514 eveniret,
363 1454 458 1501 casus
482 1436 613 1500 effecit?
720 1472 722 1476 -
819 1464 820 1469 κ

248 1544 357 1623 Quid?
379 1544 527 1626 ipsorum
549 1545 770 1627 interpretum
786 1547 994 1609 coniecturae
1010 1562 1119 1608 nonne
1134 1543 1239 1623 magis
1259 1520 1310 1654 {24

182 1654 316 1732 ingenia
347 1651 516 1715 declarant
544 1669 656 1716 eorum
687 1670 785 1733 quam
807 1653 874 1716 vim
897 1669 1158 1731 consensumque
1180 1668 1240 1713 na-

183 1761 301 1822 turae?
341 1757 461 1823 Cursor
484 1759 524 1823 ad
541 1757 694 1843 Olympia
716 1759 880 1842 proficisci
904 1760 1053 1840 cogitans
1076 1759 1166 1822 visus
1190 1759 1241 1821 est

183 1867 218 1929 in
248 1868 371 1931 somnis
402 1883 500 1930 curru
532 1866 767 1947 quadrigarum
789 1868 873 1930 vehi.
925 1866 1023 1930 Mane
1046 1864 1087 1931 ad
1111 1865 1240 1928 coniec-

182 1976 297 2038 torem.
343 1976 387 2036 nt
414 1975 486 2038 ille:
515 1973 657 2051 ‘vinces'
686 1975 811 2053 inquit3
842 1975 885 2037 ‘id
909 1975 997 2038 enim
1020 1974 1171 2038 celeritas
1195 1973 1240 2036 si-

183 2082 319 2161 gnificat
349 2085 382 2145 et
409 2082 458 2146 vis
482 2081 661 2162 equorum'
712 2080 794 2145 Post
816 2080 904 2145 idem
927 2080 967 2144 ad
990 2081 1239 2163 Antiphontem.

182 2188 216 2253 Is
240 2191 365 2253 autem:
395 2188 557 2267 ‘vincaro'‚
586 2189 706 2269 inquit,
731 2196 874 2253 ‘necesse
899 2193 962 2264 est3
986 2208 1028 2253 an
1050 2208 1117 2253 non
1138 2186 1239 2251 intel-

183 2297 276 2378 legis,
302 2299 459 2378 quattuor
478 2300 554 2362 ante
569 2299 603 2361 te
620 2285 836 2362 cucurrisse‘l'
868 2296 953 2362 Ecce
969 2296 1054 2361 alius
1070 2315 1184 2361 cursor
1198 2332 1239 2342 -

184 2408 282 2486 atque
305 2406 422 2469 horum
445 2407 647 2470 somniorum
670 2408 703 2468 et
725 2406 844 2469 talium
865 2405 982 2487 plenus
999 2408 1049 2469 est
1064 2403 1239 2486 Chrysippi

183 2511 276 2590 liber,
305 2513 423 2595 plenus
446 2513 615 2595 Antipatri
640 2548 677 2559 —
703 2512 760 2576 sed
791 2512 832 2575 ad
862 2526 1028 2576 cursorem
1057 2512 1169 2575 redeo:
1198 2511 1239 2574 ad

183 2828 239 2883 afh.
257 2828 267 2881 i
285 2827 349 2882 filol.
373 2826 491 2895 tidsskr„
515 2827 577 2896 adje
599 2845 619 2882 r.
638 2828 666 2880 II
684 2844 708 2896 p.
726 2828 762 2881 41
784 2827 822 2897 l).
863 2827 956 2881 Mdshe
981 2828 1111 2893 beneficio
1136 2830 1240 2883 erroris

182 2921 228 2987 (:
245 2922 359 2972 iuvante
383 2918 508 2986 somnio).
554 2917 643 2983 Quae
669 2919 781 2987 igitur
806 2919 939 2986 natura]
969 2918 1095 2972 »hvilhen
1120 2919 1240 2986 naturlig

183 3008 261 3076 drsag
279 3007 355 3075 (eller
373 3007 605 3077 sammenhangh.
634 3008 814 3077 Simonidi]
834 3008 1013 3062 se1.27.56.
1042 3008 1239 3062 Alcibiadis

183 3097 357 3167 somnium]
385 3098 531 3151 Dremmen
553 3098 680 3152 fortalles
704 3098 770 3168 ogei
793 3098 842 3152 hos
860 3098 919 3152 Val.
943 3098 1012 3154 Men.
1034 3099 1056 3154 Ι.
1075 3099 1098 3153 7.
1117 3100 1142 3168 9,
1166 3098 1237 3152 Plut.

182 3187 271 3241 Alhib.
290 3187 332 3255 39,
351 3187 424 3241 Suid.
442 3204 463 3241 s.
481 3205 506 3242 o.
523 3181 690 3259 Ἀλκιβιάδης.
718 3188 897 3243 Elskerindcn
914 3189 967 3243 hed
976 3189 1128 3243 Timandra.
1154 3189 1239 3242 Ami-

183 3294 238 3331 cac
262 3293 335 3331 esse
357 3278 500 3331 amictus
524 3278 679 3346 amiculo]
702 3278 746 3331 En
771 3279 853 3333 sidau
870 3272 1026 3354 παρήχησις
1043 3279 1092 3333 har
1109 3279 1240 3333 dbcnbart

183 3368 244 3421 ikke
263 3367 337 3420 stadt
354 3367 499 3422 Romernes
517 3385 587 3423 eren.
624 3368 681 3422 Hcs
699 3369 731 3422 de
751 3369 830 3423 aldre
847 3370 950 3438 digtere
968 3386 996 3424 er
1014 3370 1065 3424 den
1082 3370 1240 3439 almindelig

181 3458 223 3526 (js.
242 3456 262 3512 1.
281 3457 323 3512 20.
341 3458 377 3512 40
402 3461 485 3512 noten
512 3460 608 3528 anus);
635 3476 697 3512 men
724 3459 789 3528 ogst
811 3459 852 3513 fra
876 3459 992 3514 Cicero’s
1015 3477 1094 3529 prosa
1117 3461 1169 3514 ken
1193 3460 1240 3514 der

182 3566 287 3603 naevnes
305 3565 402 3618 mange
421 3548 569 3615 eksempler
586 3549 673 3618 derpd.
713 3549 827 3603 inerat
847 3551 881 3603 in
899 3551 1000 3605 rebus
1018 3551 1157 3619 futuris]
1179 3567 1240 3604 »var

181 3640 401 3694 iorudbestemt‹.

184 3730 350 3800 Olympia]
364 3724 397 3784 τὰ
408 3722 539 3802 Ὀλύμπια
552 3746 590 3784 ec.
604 3722 675 3804 ἱερά.
702 3729 798 3783 Mane
816 3730 855 3784 ed
873 3732 1107 3800 coniectorem]
1121 3731 1239 3784 IDansk
1256 3707 1298 3816 {94

182 3822 235 3874 han
261 3821 355 3874 verbet
381 3820 446 3889 ogsd
472 3819 609 3874 udelades:
637 3819 691 3873 han
714 3820 802 3873 straks
830 3837 873 3873 om
899 3837 1043 3890 morgenen
1070 3821 1122 3875 hen
1148 3821 1182 3874 til
1206 3837 1238 3874 en

182 3909 387 3979 drommetyder.
428 3910 482 3964 Det
505 3908 723 3964 underforstiede
745 3911 855 3964 verbum
878 3911 932 3964 hen
950 3928 1016 3965 vare
1035 3913 1157 3967 cucurrit
1175 3910 1240 3964 eller

183 3999 274 4053 misle
293 4001 391 4054 detulit
406 3999 449 4068 (js.
468 4018 494 4055 a.
513 4001 539 4055 d.
558 4000 593 4053 Π.
611 4000 636 4054 4.
655 4001 688 4053 11
707 4017 828 4069 cuperes
845 4018 902 4056 rem
921 4003 959 4056 ad
975 4002 1120 4069 senatum).
1148 4001 1239 4054 Anti·

182 4090 351 4158 phontem]
382 4106 411 4143 se
442 4094 523 4143 notan
550 4089 704 4145 1.20.3a.
755 4088 936 4160 Chrysippi
967 4091 1055 4145 liber
1083 4133 1089 4145 .
1118 4133 1122 4144 .
1147 4092 1239 4144 Anti-

1367 4178 1396 4197 Ι·
1439 4114 1440 4189 1
