2942 4625
515 388 584 442 LIB.
603 385 827 441 11.4o.83-41.
846 386 887 441 86.
1172 373 1236 433 175

178 586 313 649 inventa
336 586 477 651 fallaciis
501 589 559 650 eut
582 587 622 650 ad
646 588 820 667 quaestum
836 587 894 648 eut
910 584 948 646 ed
967 585 1236 665 superstitionem

180 693 253 773 [eut
283 692 323 756 ad
354 696 521 777 errorem}
577 696 685 775 Atque
716 695 755 755 ut
781 693 816 755 in
833 691 1057 773 haruspicina
1086 691 1236 769 fecimus,

179 799 226 862 sic
249 800 429 879 videamus
453 802 722 866 clarissumarum
746 801 885 863 sortium
909 817 991 879 quae
1014 798 1166 862 tradatur
1183 800 1235 861 in-

178 908 300 970 ventio.
351 908 546 972 Numerium
575 907 773 972 Suffustium
802 906 1092 970 Praenestinorum
1118 925 1237 970 monu-

178 1017 290 1078 menta
306 1015 484 1092 declarant,
507 1016 684 1078 honestum
699 1015 865 1078 hominem
881 1016 913 1077 et
927 1013 1082 1096 nobilem,
1100 1014 1235 1077 somniis

180 1122 312 1199 crebris,
341 1123 382 1186 ad
411 1125 592 1186 extremum
620 1124 720 1185 etiam
747 1122 933 1185 minacibus
964 1139 1039 1184 cum
1066 1120 1237 1183 iuberetur

179 1233 267 1294 certo
291 1232 327 1293 in
348 1230 420 1293 loeo
444 1230 571 1294 silicem
587 1230 730 1307 caedere,
755 1229 966 1311 perterritum
982 1228 1071 1304 visis,
1094 1227 1236 1291 irriden-

177 1336 268 1401 tibus
298 1337 366 1401 suis
397 1338 534 1413 civibus,
562 1333 597 1400 id
624 1355 719 1417 egere
744 1336 906 1418 coepisse;
935 1337 1048 1417 itaque
1071 1334 1235 1418 perfracto

179 1463 254 1508 sexo
294 1446 391 1509 sortis
429 1446 576 1525 erupisse
612 1446 649 1507 in
685 1445 800 1508 robore
834 1444 1018 1524 insculptas
1052 1443 1236 1524 priscarum

177 1552 364 1615 litterarum
394 1554 482 1616 notis
512 1553 555 1633 [is
586 1555 636 1615 est
665 1552 762 1616 hodie
792 1553 884 1615 loeus
917 1553 1051 1631 saeptus
1081 1550 1234 1629 religiose

178 1654 317 1741 propter
334 1658 422 1723 Iovis
450 1659 553 1741 pueri,
581 1661 639 1739 qui
667 1659 794 1722 lactens
823 1676 898 1721 cum
920 1657 1046 1720 Iunone
1069 1644 1234 1719 Fortunae

177 1766 213 1829 in
236 1752 359 1846 gremio
383 1766 500 1830 sedens
522 1784 698 1829 mammam
721 1765 879 1847 adpetens
903 1765 1086 1828 castissime
1115 1763 1236 1826 colitur

178 1873 405 1954 ametribus];
429 1872 607 1952 eodemque
623 1875 769 1953 tempore
785 1874 821 1935 in
837 1891 874 1936 eo
889 1873 971 1948 loco,
995 1871 1052 1933 ubi
1069 1870 1234 1933 Fortunae
1253 1872 1290 1926 86

178 1997 267 2044 nuno
297 1982 347 2043 est
378 1979 484 2056 aedes,
513 1979 579 2042 mel
607 1997 645 2041 er
676 1979 747 2042 olea
769 1979 901 2043 fluxisse
926 1978 1051 2053 dieunt,
1081 1976 1239 2058 haruspi-'

179 2106 297 2168 cesque
329 2086 458 2163 dixisse,
490 2105 620 2180 summa
644 2086 819 2150 nobilitate
853 2086 928 2149 illas
963 2085 1060 2148 sortis
1094 2083 1234 2160 futures,

179 2213 356 2275 eorumque
385 2194 478 2273 iussu
494 2201 545 2256 'er
572 2193 630 2257 illc
653 2194 724 2257 olea
747 2211 857 2257 ercam
880 2210 950 2256 esse
973 2191 1104 2267 factam,
1133 2209 1234 2272 eoque

178 2302 328 2368 conditas
358 2302 467 2378 sortis,
497 2320 579 2382 quae
602 2302 699 2366 hodie
721 2301 887 2366 Fortunae
910 2300 1038 2363 monitu
1060 2298 1234 2362 tolluntur.

179 2409 264 2488 Quid
297 2411 402 2491 igitur
430 2410 470 2472 in
503 2409 554 2473 his
589 2412 699 2491 potest
733 2428 804 2473 esse
834 2409 924 2482 certi,
959 2425 1041 2486 quae
1069 2406 1234 2470 Fortunae

178 2516 308 2580 monitu
342 2516 437 2598 pueri
469 2536 570 2580 manu
603 2519 786 2580 miscentur
820 2519 918 2595 atque
949 2514 1137 2577 ducuntur?
1170 2532 1235 2593 quo

181 2838 283 2907 talos]
311 2855 338 2892 se
365 2842 447 2892 neten
469 2840 490 2893 Ι,
510 2840 550 2894 13.
569 2839 603 2893 23
627 2840 777 2894 Venerium.
814 2838 854 2892 ad
878 2838 1169 2908 superstitionem]
1195 2838 1241 2892 ’af

181 2928 285 2997 hensyn
302 2929 337 2982 til
355 2928 426 2982 follis
444 2932 572 2997 overtroc,
591 2929 703 2998 ligesom
722 2931 762 2984 ad
780 2932 933 2997 opinionem
950 2929 1081 2998 on19i38.
1100 2927 1142 2982 70.
1183 2928 1238 2982 Det

181 3018 306 3087 felgeude
325 3027 375 3073 ant
393 3021 432 3072 ad
450 3036 571 3073 errorem
588 3034 681 3086 passer
697 3018 760 3072 ikke
770 3018 805 3088 pb
817 3018 890 3072 detta
906 3018 965 3072 eted
980 3018 1061 3085 (brad
1077 3018 1141 3086 ogei
1150 3018 1239 3072 Moser

180 3108 230 3162 har
248 3109 300 3176 set)
319 3124 353 3176 og
372 3125 450 3176 synes
467 3108 559 3162 indset
575 3108 626 3162 ved
644 3111 672 3163 et
688 3108 826 3162 tankelest
842 3107 887 3161 ltu
905 3107 946 3162 fre
963 3108 1004 3162 39.
1023 3108 1064 3162 83.
1092 3109 1126 3161 in
1145 3108 1238 3162 beru·

182 3198 315 3267 spicina
341 3197 496 3268 fecimus]
528 3199 630 3267 nemlig
652 3199 693 3254 23.
717 3199 759 3253 50.
809 3187 1119 3267 Praenestinorum]
1145 3197 1161 3251 -Ι
1187 3197 1239 3251 den

182 3288 271 3356 garnie
289 3287 439 3356 nequer-by
456 3288 600 3342 Praeneste
622 3289 670 3355 (nu
687 3288 857 3357 Palestrina)‚
880 3289 949 3342 4-c
966 3288 1016 3340 mil
1038 3291 1082 3342 est
1103 3288 1145 3341 for
1162 3287 1238 3357 Rom,

181 3394 228 3432 var
244 3380 272 3430 et
284 3377 647 3446 bekenthortuna·tempel.
674 3379 706 3431 iu
724 3378 844 3432 robore
861 3377 1053 3446 insculptas
1069 3420 1075 3432 .
1091 3420 1097 3432 .
1114 3378 1238 3446 notis]

185 3467 260 3520 »med
279 3509 285 3522 .
305 3510 311 3522 .
331 3510 336 3521 .
355 3470 420 3537 tegn
444 3467 596 3521 indn'dsede
617 3468 627 3521 i
650 3470 789 3536 egenen«
814 3467 922 3535 (hvoref
945 3467 1070 3521 lodderne
1097 3466 1167 3521 altsb
1193 3485 1240 3521 var

182 3557 287 3626 gjorte).
324 3557 339 3611 I
357 3560 390 3612 st.
410 3558 427 3612 f.
447 3560 498 3612 den
516 3557 689 3627 almindelige
707 3558 896 3612 koustruktion
912 3558 1068 3625 inecnlprene
1085 3565 1166 3615 notae
1182 3574 1240 3613 ror-

183 3649 257 3703 te'bne
274 3663 302 3701 er
319 3647 368 3700 her
385 3648 467 3717 brugt
483 3650 637 3717 ineenlpere
654 3655 743 3703 eortee
759 3649 844 3712 notie3
867 3647 917 3701 ved
938 3649 1087 3702 inscribere
1103 3648 1188 3702 findes
1207 3649 1240 3703 de

184 3741 334 3791 sammeto.
358 3737 406 3805 [Se
424 3738 613 3807 tilloegget.]
632 3739 679 3808 {is
697 3736 988 3806 est-matribue]]
1006 3737 1043 3791 Se
1060 3739 1238 3807 tillaegget.

183 3827 354 3881 Fortunae
377 3816 514 3897 mon'itu]
536 3828 600 3882 Man
618 3831 701 3897 antog
717 3828 768 3897 vel,
791 3831 820 3882 at
837 3826 973 3897 gudinden
990 3828 1040 3881 ved
1058 3828 1106 3881 nik
1123 3829 1188 3882 eller
1205 3828 1240 3897 pi
1259 3842 1285 3884 eo

183 3916 310 3986 lignende
332 3916 410 3970 mide
432 3933 484 3986 geu
507 3918 550 3971 sin
567 3919 631 3987 vilje
649 3918 682 3971 til
700 3917 794 3975 kende.
835 3918 1017 3988 tolluntur]
1036 3939 1067 3965 =
1087 3919 1239 3983 ducentum

181 4006 467 4075 jf,ribull.1.3.11
491 4010 542 4063 illa
565 4025 664 4063 sacrae
685 4009 773 4076 pnere'
797 4016 886 4065 cortes
914 4016 955 4065 ter
980 4009 1099 4064 malit.
1144 4008 1240 4075 pueri

139 4134 140 4137 η
184 4098 290 4166 manu]
310 4097 426 4151 Dermed
450 4097 544 4152 skulde
566 4099 609 4152 vel
632 4098 658 4152 el
681 4098 763 4152 tanke
787 4115 830 4152 om
852 4097 992 4167 bedregeri
1009 4097 1170 4162 udelukkes;
1194 4096 1241 4151 det
