2942 4625
235 342 280 405 44
503 355 698 412 CICERONIS
716 356 767 411 DE
786 356 1030 413 DIVINATIONE

303 555 332 622 is
357 555 521 639 sapientia
543 556 710 620 munitum
733 554 851 639 peetus
874 555 1004 638 egregie
1028 560 1121 639 gerat

302 663 401 745 teque
424 683 525 746 regno
549 661 705 747 expellam
735 682 813 728 nam
842 663 886 742 id,
915 665 1004 745 quod
1027 664 1066 730 de
1095 667 1163 731 sole
1186 669 1301 732 osten-

1031 773 1137 839 tdmst
1159 775 1232 853 tibi,

303 880 425 963 pdpulo
449 877 742 945 oommntttionem
764 876 874 942 rerum
897 879 1067 961 portondIt
1088 881 1158 946 iore

303 987 592 1071 perpropinqnam.
627 987 717 1052 Haeo
732 984 817 1051 bene
833 991 1031 1053 verrunoent
1045 988 1179 1073 populo.
1213 990 1300 1054 Nam

892 1096 978 1176 qnod
1003 1096 1044 1160 od
1068 1096 1234 1163 dexteram

303 1201 392 1285 oepit
415 1219 549 1267 cursum
572 1201 612 1266 ab
635 1200 728 1266 laeva
752 1203 885 1283 signum
907 1202 1115 1286 praepotens,
1143 1203 1302 1288 pnlohdr·

1140 1331 1234 1377 rums

304 1417 503 1498 auguratum
516 1419 576 1495 ost,
589 1415 659 1481 rem
670 1417 855 1481 Romanam
866 1416 1034 1500 publioam
1046 1418 1208 1484 summam
1219 1421 1301 1485 fore.

179 1500 222 1633 ᾗ
304 1528 374 1607 Age
396 1542 486 1589 nuno
509 1525 550 1589 ad
575 1527 708 1589 externa
730 1524 918 1590 redeamus!
952 1526 1093 1592 Matrem
1112 1526 1302 1593 Phalaridis

240 1634 356 1698 scribit
378 1632 539 1698 Pontinus
562 1632 766 1711 Horaolides,
795 1632 912 1698 dootus
940 1635 1000 1712 vir,
1030 1635 1163 1701 auditor
1192 1639 1225 1700 et
1248 1635 1302 1700 di-

241 1742 389 1825 scipulus
413 1740 574 1818 Platonis,
603 1740 708 1805 visam
738 1759 809 1806 esse
837 1741 948 1806 vidore
976 1742 1011 1805 in
1042 1745 1166 1808 somnis
1196 1746 1301 1808 simn-

240 1850 329 1914 laora
360 1849 505 1925 deorum,
540 1866 623 1928 quae
651 1849 725 1931 ipsa
756 1848 844 1912 domi
878 1852 1153 1927 oonseoravisset3
1188 1870 1225 1915 ex
1257 1853 1301 1916 iis

240 1957 442 2022 Mercurium
464 1975 481 2021 e
504 1959 628 2039 patore,
653 1974 752 2037 quam
776 1956 908 2021 deutera
930 1976 1031 2022 mann
1053 1954 1191 2037 tonabat,
1223 1979 1299 2024 san·

241 2068 376 2147 guinem
398 2065 507 2129 visum
529 2083 600 2128 esso
623 2063 773 2141 fundere,
798 2065 864 2146 qui,
889 2085 964 2130 aum
983 2068 1105 2131 terram
1121 2068 1319 2148 attigisset.

240 2172 648 2238 refervescereviderotnr
672 2174 728 2250 sio,
753 2175 791 2236 ut
813 2175 884 2236 tota
908 2173 1024 2237 domus
1048 2176 1208 2255 sanguino
1224 2174 1301 2239 red-

242 2280 392 2346 undaret.
455 2279 548 2359 Quod
577 2280 693 2344 matris
724 2280 888 2345 somnium
915 2282 1059 2347 inmanis
1087 2282 1150 2347 filii
1184 2282 1303 2347 orode-

193 2434 195 2437 ψ
226 2391 320 2479 ,litas
343 2388 568 2471 oonprobavit.
607 2387 694 2466 Quid
717 2407 788 2469 ego,
812 2408 895 2470 quae
917 2392 1006 2471 magi
1029 2389 1112 2474 Cyro
1135 2391 1187 2456 ilii
1209 2392 1302 2473 prin-

243 2497 310 2580 oipi
337 2497 548 2579 interpretati
583 2496 660 2573 sint,
696 2514 734 2560 ex
762 2496 903 2561 Dinonis
936 2495 1078 2562 Persicis
1112 2499 1304 2582 proferam?

242 2606 328 2670 Nam
359 2623 433 2668 oum
462 2603 639 2669 dormienti
666 2605 696 2667 ei
726 2604 776 2668 sol
804 2603 846 2667 ad
873 2605 973 2687 pedes
1001 2608 1093 2671 visus
1123 2610 1220 2681 esset,
1251 2610 1304 2671 ter

243 2733 319 2778 eum
347 2713 464 2777 soribit
493 2712 618 2776 frustra
646 2711 846 2794 adpetivisse
873 2713 1036 2791 manibus,
1067 2732 1142 2779 oum
1165 2735 1199 2780 se
1223 2733 1303 2778 oon·

242 2823 377 2887 volvens
402 2821 451 2885 sol
471 2819 656 2884 elaberetur
679 2822 712 2883 et
734 2821 854 2896 abiret;
876 2821 908 2884 ei
930 2840 1043 2902 magos
1060 2822 1190 2901 dixisse,
1214 2822 1301 2904 qnod

244 2949 348 3013 genus
372 2929 573 3010 sapientium
596 2931 629 2991 et
652 2926 823 2992 dootorum
845 2928 1029 2993 habebatur
1055 2931 1090 2994 in
1113 2929 1234 3008 Persis,
1265 2948 1304 2994 er

242 3038 370 3120 triplici
398 3036 601 3118 adpetitione
631 3036 709 3100 solis
739 3037 880 3117 triginta
908 3056 1012 3100 annos
1036 3036 1157 3122 Cyrum
1183 3058 1302 3121 regua-

245 3397 312 3452 skab
344 3398 381 3451 fik
412 3396 467 3450 han
498 3399 648 3466 egeuavuet
679 3397 781 3451 Brutus
814 3397 882 3465 (Liv.
906 3400 928 3454 Ι.
954 3399 1006 3468 56).
1056 3399 1143 3468 qnod
1167 3398 1218 3467 ad]
1237 3420 1303 3462 w3

244 3490 254 3542 i
271 3489 358 3543 thosis
381 3487 456 3541 Iader
479 3487 531 3541 den
553 3486 632 3541 aeldre
654 3487 709 3540 tids
727 3488 826 3541 metrik
844 3488 899 3542 ofte
917 3492 945 3542 et
962 3489 1112 3558 udlydende
1131 3490 1150 3542 d
1167 3487 1303 3556 upiagtet.

210 3574 212 3577 ’
246 3579 391 3648 signum]
414 3578 549 3647 »sijai-neu
569 3577 626 3646 (der
642 3594 733 3632 menes
750 3577 779 3646 jo
798 3579 890 3646 solen).

193 3641 228 3750 Ξῖ)
246 3669 280 3723 di
291 3669 446 3738 scipulos
464 3668 633 3737 Platonis]
652 3668 827 3722 Herakleides
846 3669 963 3723 sluttede
982 3671 1025 3739 sig
1042 3670 1094 3739 dog
1112 3669 1189 3723 sidon
1202 3669 1236 3723 til
1251 3668 1302 3722 deu

246 3759 442 3830 Peripatetiske
461 3759 535 3813 skolo
552 3758 614 3812 med
632 3758 697 3812 dens
716 3758 925 3827 polyhistoriske
942 3760 1068 3826 tendens;
1086 3760 1141 3815 hau
1159 3777 1206 3814 var
1223 3761 1259 3814 bl.
1277 3776 1301 3813 a.

244 3850 377 3904 historisk
394 3849 524 3904 forfatter.
552 3846 841 3919 consecravisset]
861 3849 932 3904 alisi
949 3842 1012 3903 iiie
1030 3852 1152 3920 opstillet
1169 3851 1228 3905 blot
1246 3867 1302 3904 som

245 3941 436 3995 knnstvaerker.
464 3939 627 4009 principi]
646 3939 712 3993 »den
726 3939 830 3994 aldred
857 3940 1178 4011 DinonisPersiois]
1198 3943 1302 3995 Deiuou

245 4031 287 4085 ira
304 4032 428 4101 Kolofon,
451 4030 502 4085 4de
526 4030 590 4099 dnh„
615 4031 693 4084 skrev
717 4047 750 4083 en
766 4030 877 4100 jaevulig
895 4033 997 4102 uitaret,
1021 4049 1083 4086 men
1100 4033 1163 4086 tabt
1179 4033 1304 4086 Persiens
