2942 4625
239 333 299 393 166
500 345 696 402 CICERONIS
715 348 766 401 DE
784 348 1028 405 DIVINATIONE

237 542 332 606 dieiis
358 544 474 625 populi
501 545 552 608 vel
581 547 617 608 in
645 546 716 610 iure
745 547 858 627 legum
884 548 935 611 vel
958 549 994 611 in
1017 548 1166 614 creandis
1189 549 1298 629 magi-

237 651 396 715 stratibus
420 653 587 734 principes
610 654 756 718 civitatis
780 657 891 719 essent
913 656 1121 738 interpretes.
1167 658 1222 719 ‘At
1244 655 1294 718 Ti.

237 756 375 822 Gracchi
399 759 521 823 litteris
538 758 647 842 Scipio
672 764 705 824 et
720 761 859 841 Figulus
876 762 1037 841 consules,
1061 781 1137 827 oum
1153 779 1294 844 augures

235 865 449 942 iudicassent,
478 885 533 931 eos
556 869 637 932 vitio
661 870 789 932 creatos
813 887 893 945 esse,
920 870 1119 949 magistratu
1142 890 1177 935 se
1200 870 1294 934 abdi·

236 972 424 1048 caverunt).
449 972 530 1050 Quis
552 977 661 1054 negat,
686 993 849 1055 augurum
865 976 1077 1058 disciplinam
1092 980 1185 1042 esse?
1209 977 1294 1042 divi-

235 1083 403 1145 nationem
432 1098 525 1160 nego.
579 1083 632 1144 ‘At
662 1083 854 1165 horuspices
885 1083 1004 1159 divini3
1034 1103 1115 1165 qnos
1144 1101 1220 1148 cum
1242 1083 1292 1147 Ti.

235 1187 406 1253 Graohhus
430 1191 565 1270 propter
586 1191 726 1252 mortem
746 1191 953 1271 repentinam
968 1192 1049 1267 eius,
1074 1192 1130 1272 qui
1146 1193 1182 1255 in
1198 1209 1293 1273 prae-

235 1297 384 1375 rogativa
406 1294 578 1359 referenda
601 1297 711 1360 subito
735 1296 944 1370 concidisset,
967 1299 1003 1361 in
1019 1301 1172 1362 senatum
1186 1300 1294 1363 intro-

182 1393 217 1448 75
236 1402 391 1479 duxisset,
408 1420 474 1465 nou
489 1402 615 1465 iustum
630 1406 816 1483 rogatorem
830 1403 933 1468 fuisse
947 1403 1118 1469 dixerunt)
1143 1404 1293 1469 Primum

233 1510 318 1587 vide,
342 1527 383 1573 ne
406 1510 441 1572 in
465 1527 540 1572 eum
563 1508 713 1587 dixerim,
739 1511 795 1591 qui
817 1513 950 1592 rogator
972 1514 1140 1577 centuriae
1158 1511 1291 1587 fuisset3

232 1621 262 1683 is
286 1620 374 1682 enim
397 1620 466 1680 erat
489 1619 654 1691 mortuum
677 1616 711 1681 id
728 1621 839 1682 autem
854 1618 925 1682 sine
942 1618 1144 1684 divinatione
1161 1620 1291 1684 coniec-

233 1729 308 1790 tura
338 1726 491 1807 poterant
522 1724 640 1788 dioere.
692 1724 819 1788 Deinde
842 1725 982 1790 fortasse
1005 1744 1093 1803 casu,
1117 1727 1175 1807 qui
1198 1727 1290 1790 nullo

231 1832 329 1897 modo
356 1834 406 1896 est
438 1850 477 1894 ex
508 1832 569 1895 hoc
598 1850 714 1912 genere
745 1832 923 1897 tollendus.
975 1831 1062 1910 Quid
1090 1836 1179 1897 enim
1206 1836 1289 1898 scire

232 1941 365 2005 Etrusci
394 1938 586 2020 haruspices
614 1942 672 2003 aut
700 1939 740 2002 de
763 1939 977 2005 tabernaculo
999 1943 1087 2004 recte
1111 1943 1207 2023 capto
1231 1943 1289 2005 aut

235 2136 469 2145 —..—.--—·-.

232 2257 330 2326 algere,
352 2271 396 2307 orn
418 2253 677 2323 folkeforsamliuger
697 2254 742 2307 md
760 2227 907 2308 amellos«.
949 2255 1103 2325 Udtrykket
1120 2255 1204 2310 findes
1224 2256 1288 2327 ogsd

231 2366 258 2402 a.
277 2349 303 2400 d.
322 2346 358 2400 11.
376 2348 400 2399 4.
420 2347 460 2398 11.
502 2345 537 2397 in
560 2345 632 2398 iure
654 2343 776 2414 legum]
803 2345 868 2399 »ved
890 2345 1044 2415 vcdtngelse
1068 2347 1098 2399 af
1113 2347 1288 2416 (afstemning

231 2439 286 2505 orn)
312 2437 496 2505 love‹,:in
523 2435 650 2489 ludendos
682 2435 792 2503 lepidas.
847 2436 896 2504 [Se
926 2436 1119 2505 tillaegget.]
1173 2438 1216 2490 At
1242 2438 1286 2490 Ti.

232 2526 463 2594 Gracchi...]
493 2541 520 2579 se
542 2525 563 2579 I.
587 2525 626 2578 17.
646 2525 680 2578 33
705 2525 767 2578 med
793 2529 881 2580 noten.
927 2527 1072 2593 litteris]
1101 2543 1128 2580 se
1155 2529 1236 2580 noten
1263 2528 1286 2582 Ι.

230 2618 273 2672 44.
292 2617 326 2671 99
349 2619 462 2671 somnio.
499 2616 597 2669 Brevet
619 2616 680 2668 korn
703 2615 745 2668 fra
764 2615 922 2670 Gracchus's
945 2616 1054 2686 provins
1074 2616 1214 2670 Sardinien
1237 2618 1289 2685 (ad

234 2709 264 2778 Q.
282 2709 318 2775 fr.
336 2707 458 2774 11.2.1).
488 2706 606 2774 Scipio
624 2708 658 2759 et
675 2705 820 2774 Figulus
839 2705 1056 2775 coesldr162.
1084 2707 1173 2775 Scipio
1189 2707 1289 2760 Nasica

230 2816 278 2854 var
300 2798 375 2852 feder
397 2797 431 2850 til
455 2797 505 2849 den
529 2795 661 2850 bekendte
678 2794 749 2849 farer
766 2797 776 2849 i
793 2796 908 2863 kampen
925 2796 988 2850 mod
1006 2796 1044 2850 Ti.
1065 2797 1209 2865 Gracchus,
1236 2797 1288 2851 den

230 2890 279 2943 her
296 2888 407 2942 omtalte
426 2887 584 2940 Gracchns's
603 2903 659 2939 sen.
687 2885 721 2938 in
739 2887 981 2954 praerogativa
998 2886 1183 2952 referenda]
1204 2888 1288 2941 »med-

231 2996 277 3033 ens
301 2979 354 3032 hau
379 2994 427 3031 var
444 2978 455 3029 i
472 2976 537 3030 dard
560 2976 621 3029 med
639 2979 668 3029 at
684 2975 805 3029 meddele
823 2975 1035 3044 afstemningens
1058 2976 1152 3030 udfald
1169 2977 1178 3029 i
1196 2994 1287 3046 praero-

230 3068 477 3138 gatii-centuriam.
527 3065 732 3134 rogatorem]
760 3064 982 3134 ›valgstyreren‹.
1023 3066 1076 3121 For
1099 3069 1188 3120 reaten
1206 3067 1287 3137 sagda

230 3158 442 3226 haruspekserne
464 3156 546 3225 ifelge
564 3156 584 3210 I.
605 3155 644 3210 17.
663 3156 697 3209 33
716 3171 751 3224 og
767 3173 794 3211 n.
814 3155 937 3210 o.11.4.
957 3157 990 3210 10
1011 3156 1184 3225 udtrylrkelig
1207 3160 1286 3212 comi·

232 3251 331 3304 edorum
348 3255 476 3316 rogatam
501 3263 562 3301 meu
582 3246 674 3302 Cicero
693 3246 764 3315 siger
781 3245 842 3299 med
859 3246 924 3314 vilje
942 3246 1001 3300 blot
1018 3254 1139 3315 rogator,
1159 3246 1206 3300 der
1223 3246 1287 3316 ogsd

230 3340 282 3393 kan
306 3338 404 3393 forstis
428 3355 471 3392 orn
496 3339 639 3393 centuriae
661 3344 785 3405 rogator,
809 3335 869 3404 den,
893 3337 939 3390 der
963 3337 1082 3405 optaller
1100 3338 1287 3390 stemmernei

229 3431 295 3483 hver
326 3429 444 3483 centurie
467 3445 512 3497 vog
542 3427 677 3481 meddeler
709 3426 761 3479 den
787 3425 979 3494 praesiderende
1006 3425 1135 3481 udfaldet.
1186 3428 1287 3481 conoi-

232 3519 353 3588 disset]
377 3519 646 3586 Relatis-saetningen
672 3516 836 3569 fremtraeder
857 3533 915 3569 som
940 3519 968 3570 et
989 3516 1034 3569 led
1057 3515 1087 3569 af
1103 3508 1170 3571 lius
1192 3517 1285 3581 touke3

231 3609 317 3663 harde
341 3610 387 3662 der
405 3610 414 3661 i
433 3612 466 3662 st.
485 3608 503 3661 f.
526 3618 641 3676 propter
662 3614 775 3661 mortem
800 3605 871 3659 stdet
889 3608 957 3674 qnia
974 3606 1035 3660 med
1054 3609 1081 3660 et
1098 3607 1217 3675 verbum,
1240 3623 1287 3660 var

232 3700 306 3754 dctte
324 3698 389 3768 ogeis
406 3699 525 3755 kommet
542 3699 552 3751 i
570 3696 738 3765 konjunktiv.

187 3794 213 3835 75
232 3793 260 3844 is
284 3792 373 3844 enirn
397 3791 472 3843 erat
493 3786 654 3855 mortuus]
678 3801 713 3854 og
735 3785 782 3838 det
799 3784 844 3838 lod
862 3786 905 3854 sig
922 3785 983 3838 med
1000 3785 1160 3854 n'meIIghed
1178 3786 1287 3854 skenne,

232 3885 261 3935 at
278 3881 394 3949 guderne
413 3877 510 3932 derved
527 3878 614 3931 havde
632 3877 759 3944 stemplet
776 3876 838 3929 ham
854 3893 911 3929 som
920 3892 978 3930 nora
989 3878 1086 3931 iustus.
1113 3875 1287 3944 (Anderledes

231 3971 395 4039 Hottiuger.)
420 3967 629 4035 coniectura]
648 3982 673 4021 o:
692 3966 743 4019 ved
761 3969 790 4020 at
808 3965 928 4034 udlaegge
946 3966 992 4019 det
1010 3966 1084 4019 skete
1099 3965 1211 4034 sdledes‚
1230 3981 1286 4018 som

231 4060 263 4113 de
282 4060 349 4113 efter
367 4059 460 4113 bedste
479 4058 547 4111 elren
564 4057 649 4110 finder
666 4055 713 4110 det
730 4056 858 4124 rimeligt,
878 4073 946 4110 casu
963 4054 1083 4109 derimod
1099 4054 1134 4123 pd
1147 4054 1192 4108 mi
1204 4071 1238 4124 og
1251 4053 1285 4108 fe.
