2942 4625
229 373 291 433 124
493 383 688 439 CICERONIS
707 386 758 440 DE
776 385 1018 440 DIVINATIONE

189 589 208 648 5
227 587 340 649 simus.
374 583 456 647 Vide
479 584 592 664 igitur,
616 603 657 648 ne
681 585 774 648 nulla
797 585 841 648 sit
864 584 1034 648 divinatio.
1068 583 1128 648 Est
1149 582 1283 664 quidam

226 692 370 756 Graecus
393 691 538 771 vulgans
561 693 597 755 in
619 693 704 756 hanc
728 693 928 756 sententiam
950 709 1078 755 versus:

291 799 373 862 bene
397 797 455 880 qui
478 799 628 877 coniciet,
657 798 767 864 vatem
788 800 877 863 hunc
900 798 1077 880 perhibebo
1102 798 1283 880 dptumum.

227 907 315 971 Num
341 907 445 987 igitur
474 909 541 983 aut,
571 925 653 987 quae
680 908 861 989 tempestas
884 904 1073 987 inpendent,
1101 907 1193 969 vates
1215 923 1284 968 me-

226 1016 291 1078 lius
315 1014 456 1078 coniciet
479 1033 578 1094 quam
601 1015 811 1094 gubernator,
836 1015 894 1078 aut
916 1013 1022 1077 morbi
1037 1015 1191 1077 naturam
1207 1030 1285 1076 acu·

227 1123 295 1186 tius
319 1141 417 1204 quam
439 1121 587 1186 medicus
610 1124 668 1186 aut
691 1122 771 1185 beili
794 1121 1114 1185 administrationem
1140 1120 1285 1202 pruden-

227 1231 295 1294 tius
319 1248 418 1310 quam
440 1229 609 1311 inperator
632 1231 822 1294 coniectura
845 1228 1069 1309 adsequetur?

177 1353 210 1406 13
293 1336 357 1401 Sed
381 1336 607 1413 animadverti,
635 1336 767 1414 Quinte,
795 1338 829 1399 te
853 1338 948 1400 caute
972 1338 1005 1399 et
1028 1335 1068 1399 ab
1091 1336 1133 1398 iis
1157 1334 1285 1398 coniec-

229 1446 324 1521 turis
348 1462 430 1526 quae
453 1444 613 1508 haberent
637 1445 741 1508 artem
765 1446 863 1524 atque
888 1442 1108 1525 prudentiam,
1133 1445 1166 1505 et
1189 1441 1286 1505 abiis

229 1552 337 1629 rebus,
362 1570 444 1632 quae
469 1551 620 1615 sensibus
644 1553 702 1614 aut
725 1550 875 1614 artificiis
899 1552 1157 1633 perciperentur,
1182 1548 1288 1613 abdu-

164 1678 172 1731 ᾗ
230 1678 302 1723 cere
336 1659 573 1724 divinationem
607 1676 743 1739 eamque
776 1659 824 1721 ita
858 1656 1011 1721 definire:
1050 1658 1287 1721 divinationem

231 1786 301 1832 esse
325 1786 436 1831 earum
456 1786 566 1830 rerum
582 1766 840 1848 praedictionem
857 1768 889 1829 et
906 1766 1180 1847 praesensionem,
1205 1782 1287 1845 quae

231 1878 341 1940 essent
369 1875 536 1938 fortuitae.
588 1873 738 1937 Primum
766 1873 880 1937 eodem
909 1873 1095 1938 revolveris.
1148 1872 1233 1936 Nam
1256 1876 1287 1934 et

230 1983 350 2046 medici
381 1984 413 2045 et
442 1982 671 2062 gubernatoris
706 1984 740 2044 et
773 1980 981 2062 imperatoris
1016 1981 1203 2063 praesensio
1238 1981 1288 2043 est

230 2110 340 2154 rerum
362 2090 584 2153 fortuitarum.
619 2089 707 2153 Num
729 2088 833 2169 igitur
856 2092 914 2153 aut
932 2089 1097 2170 haruspex
1111 2090 1169 2152 aut
1184 2106 1289 2167 augur

231 2201 290 2262 aut
319 2201 410 2261 uates
442 2198 516 2278 quis
545 2199 603 2260 aut
630 2197 798 2261 somnians
827 2197 945 2260 melius
973 2196 1160 2272 coniecerit,
1191 2196 1248 2258 aut
1272 2212 1309 2257 e

231 2305 344 2370 morbo
372 2324 547 2370 evasurum
577 2309 748 2385 aegrotum
776 2306 834 2368 aut
863 2323 879 2368 e
908 2304 1054 2386 periculo
1083 2322 1200 2367 navem
1231 2305 1289 2366 aut

235 2577 376 2646 »politiske
392 2575 555 2645 spergsmah
571 2576 613 2644 (jf.
627 2575 754 2643 Nagelsb.
774 2575 839 2629 Lot.
858 2576 914 2629 st⁸
931 2591 957 2642 p.
972 2574 1042 2643 436).
1069 2574 1153 2650 Vide
1171 2574 1289 2642 igitur,

232 2684 271 2721 ne
290 2711 295 2722 .
315 2711 320 2721 .
341 2711 346 2721 .
367 2667 383 2736 .]
401 2666 495 2720 Mdv.³
512 2667 529 2735 ἐ
547 2667 599 2720 372
617 2667 634 2719 b
654 2683 724 2719 anm.
745 2666 769 2733 1,
785 2664 817 2732 jf.
836 2666 877 2719 13.
896 2665 937 2718 31.

198 2764 215 2817 5
232 2758 294 2811 Est
312 2757 445 2826 quidam
465 2800 469 2810 .
490 2800 496 2812 .
516 2758 532 2826 .]
555 2758 593 2810 Se
611 2756 791 2824 tillaegget.
832 2755 871 2808 Pe
890 2754 982 2809 Graesk
999 2754 1074 2824 lyder
1091 2756 1224 2808 trimetret
1241 2754 1291 2807 hos

232 2848 364 2902 Plutarkh
392 2848 436 2914 (de
464 2848 573 2914 detecta
596 2863 671 2901 orae.
695 2847 730 2900 40
745 2845 777 2914 jf.
797 2847 831 2899 de
851 2847 930 2914 Pyra.
951 2862 1027 2899 croc.
1047 2846 1099 2913 10),
1123 2845 1170 2897 der
1186 2860 1292 2897 naevner

232 2939 375 3007 Euripides
403 2955 459 2992 som
487 2938 619 3004 forfatter,
647 2936 763 2990 silades:
789 2928 888 3009 μα’ντις
914 2936 950 3006 (γ’
978 2935 1043 2988 61161
1066 2936 1089 2987 δ’
1116 2952 1145 2988 61
1170 2935 1291 3003 udeladt>
1406 2965 1408 2968 -

232 3025 348 3104 ἄριστος,
367 3027 439 3087 ὅστις
457 3020 560 3092 εἰκάζει
577 3027 672 3087 καλῶς.
717 3026 873 3094 Graecus]
891 3026 1018 3078 Davisius
1036 3024 1147 3077 foresldr
1166 3025 1291 3089 Graecia
1370 3099 1373 3106 ¹

232 3119 325 3173 mtske
352 3120 457 3187 rigtigt.
511 3135 595 3187 quae
621 3120 814 3185 tempestas
842 3113 1039 3183 impendeat]
1067 3115 1110 3167 Da
1135 3116 1292 3182 impendere

233 3227 325 3279 nappe
349 3210 447 3278 bruges
469 3211 479 3261 i
503 3209 554 3262 deu
577 3207 697 3262 neutrale
721 3206 871 3276 betydning
891 3220 972 3258 ›vaere
990 3205 1000 3257 i
1018 3207 1121 3274 vente«,
1144 3222 1187 3258 om
1210 3208 1292 3272 noget

233 3300 299 3370 godt
316 3300 370 3369 lige
389 3299 419 3352 sb
432 3300 474 3352 vel
490 3316 547 3352 som
563 3315 605 3352 om
621 3301 703 3367 neget
716 3298 790 3366 ondt,
806 3297 850 3350 mb
863 3295 960 3349 ordene
972 3294 1015 3348 vel
1027 3295 1136 3364 betyde:
1159 3295 1292 3349 »brordan

234 3392 281 3445 det
304 3389 491 3460 optraekkende
515 3389 590 3457 uvejr
613 3389 723 3456 bliver«‚
748 3390 831 3441 storm
856 3386 920 3440 eiler
935 3375 1011 3454 regn,
1038 3385 1210 3454 forbigdende
1228 3385 1292 3439 eller

235 3482 389 3550 langvarigt
407 3497 461 3534 osv.
820 3523 821 3526 ,

190 3594 216 3634 13
236 3577 269 3626 te
288 3575 384 3625 caute
402 3613 408 3626 .
428 3614 433 3624 .
454 3571 470 3640 .]
492 3571 544 3622 Der
561 3568 662 3621 tankes
680 3565 717 3635 pt
734 3567 822 3621 steder
840 3583 897 3620 som
915 3567 937 3621 1.
954 3566 996 3620 49.
1016 3566 1066 3620 111
1084 3566 1102 3620 f.
1129 3565 1293 3619 haberent

236 3666 341 3717 artem
363 3665 464 3730 atque
487 3658 715 3728 prudentiam]
738 3658 800 3711 »har
818 3659 856 3725 (o:
879 3658 980 3727 bygger
997 3655 1039 3725 pt,
1063 3655 1242 3721 forudsaetter)
1260 3672 1293 3709 en

235 3754 323 3809 theeri
346 3770 380 3822 og
402 3752 467 3821 klog
490 3749 618 3818 indsigt‹‚
643 3749 713 3802 altsd
730 3748 749 3803 f.
768 3765 789 3802 e.
808 3748 966 3802 feltherrens
985 3763 1019 3816 og
1037 3747 1211 3814 politikerens
1230 3746 1293 3799 slut-

236 3846 337 3912 uinger.
383 3841 546 3896 sensibus
576 3843 636 3893 aut
664 3839 836 3893 artificiis
862 3837 1132 3907 perciperentur]
1163 3836 1292 3905 »tilegnes

236 3951 349 4004 gennem
374 3948 498 3986 sanserne
517 3931 582 3984 eller
599 3947 713 3998 gennem
732 3929 818 3998 faglig
835 3928 1025 3996 uddannelse«,
1048 3927 1066 3981 f.
1086 3926 1233 3995 elegeos,
1255 3942 1293 3978 so·
1384 3989 1386 3993 v

236 4024 373 4089 mandens,
391 4022 613 4075 htndvarkerens
632 4020 781 4073 kundekab.
810 4019 924 4073 eodem
941 4017 1138 4086 revolveris]
1160 4017 1294 4070 »hommer

236 4114 316 4180 ingen
335 4129 419 4181 regne
437 4110 569 4165 hermes«.
1201 4112 1204 4118 ’
