2942 4625
531 383 598 438 LIB.
617 383 639 438 I.
657 384 699 437 53.
718 383 845 438 121-55.
865 384 922 438 124.
1194 370 1255 430 103

193 586 392 665 fugeretque
416 601 491 647 oum
513 585 585 665 ipso
601 583 754 659 Lachete,
778 585 816 645 ut
838 585 974 656 ventum
993 585 1043 646 est
1058 582 1093 645 in
1108 583 1254 658 trivium,

108 744 113 765 .
192 694 322 771 eadem,
346 710 411 783 qua
434 691 544 767 ueteri,
567 690 681 771 fugere
703 691 822 753 noluit.
857 689 984 768 Quibus
1008 689 1254 770 quaerentibus,

188 790 258 865 our
284 820 352 864 non
381 798 494 863 eadem
521 800 575 862 via
602 800 763 881 pergeret,
794 798 950 861 deterreri
974 816 1008 861 se
1032 816 1051 860 a
1074 797 1132 861 deo
1157 796 1253 870 dixit;
1331 880 1334 885 Ι

197 927 274 972 oum
297 908 430 989 quidem
452 907 486 985 ii,
511 908 566 988 qui
590 906 655 970 alia
677 906 729 970 via
752 905 916 986 fugerant,
940 907 975 969 in
998 907 1144 969 hostium
1161 905 1254 986 equi-

197 1019 305 1081 tatum
339 1015 538 1080 inoiderunt.
593 1013 764 1077 Permulta
797 1015 946 1078 oonleota
968 1005 1058 1077 'sunt
1088 990 1127 1077 at
1156 1015 1254 1076 Anti-

198 1127 303 1206 patro,
332 1142 415 1205 quae
444 1122 640 1186 mirabiliter
663 1141 682 1185 a
705 1121 838 1186 Soorate
869 1122 1017 1185 divinata
1047 1124 1138 1194 sunt;
1170 1139 1253 1200 quae
1351 1124 1354 1125 ’

198 1233 472 1313 praetermittam
495 1230 558 1294 tibi
581 1231 669 1293 enim
691 1233 878 1306 nodosum,
901 1230 983 1293 mihi
999 1228 1040 1293 ad
1057 1247 1253 1293 oommemo-

191 1339 338 1403 randum
364 1356 430 1403 uon
457 1339 664 1403 neeessaria..
703 1338 793 1401 Illud
822 1341 934 1402 tamen
963 1339 1034 1401 eius
1065 1332 1323 1419 philosophi124

196 1447 410 1528 magnifieum
425 1465 463 1511 ao
478 1466 582 1530 paene
597 1447 757 1524 divinum,
781 1446 878 1527 quod,
900 1465 975 1510 oum
990 1445 1102 1527 impiis
1119 1448 1252 1509 senten-

196 1557 253 1619 tiis
286 1555 461 1619 damnatus
490 1558 586 1633 esset,
615 1556 813 1636 aequissimo
843 1555 951 1618 animo
980 1572 1014 1617 se
1043 1553 1125 1616 dixit
1154 1555 1273 1626 morie

196 1683 303 1745 neque
326 1666 414 1728 enim
437 1662 532 1727 domo
556 1663 739 1743 egredienti
761 1681 867 1745 neque
889 1661 973 1726 illud
990 1664 1193 1741 suggestum,
1216 1661 1252 1723 in

191 1791 260 1853 quo
280 1789 413 1836 oausam
429 1771 564 1848 dixerat,
588 1771 929 1851 aseendentisignum
945 1764 1141 1845 sibialiam,
1165 1767 1251 1848 quod

190 1882 397 1956 consuesset,
422 1898 440 1942 a
461 1880 519 1943 deo
537 1881 631 1959 quasi
646 1879 725 1941 mali
742 1866 882 1942 alieuius
897 1877 1110 1959 inpendentis
1126 1876 1250 1940 datum.

261 1985 422 2067 Equidem
445 1988 493 2051 sie
513 1987 662 2063 arbitror,
687 1987 817 2049 etiamsi
839 1985 945 2049 multa
963 1984 1082 2048 fallent
1105 2002 1169 2060 eos,
1194 1984 1251 2064 qui
1270 1986 1311 2045 55

190 2097 254 2157 aut
277 2097 346 2158 arte
370 2096 428 2158 eut
451 2096 640 2158 oonieotura
663 2092 811 2157 divinare
833 2091 1017 2168 videantur,
1046 2110 1117 2156 esse
1139 2094 1252 2155 tamen

195 2202 448 2276 divinationem
471 2203 620 2266 homines
644 2203 765 2278 autern,
786 2203 827 2264 ut
848 2200 883 2263 in
907 2199 1025 2264 ueteris
1042 2199 1179 2276 artibus,
1204 2201 1251 2263 sio

189 2310 230 2374 in
253 2311 313 2375 hae
336 2329 432 2394 posse
455 2309 537 2375 falli.
582 2309 697 2374 Potest
720 2302 877 2384 addidere,
902 2311 939 2373 ut
962 2308 1095 2390 aliquod
1119 2309 1251 2389 signum

191 2419 295 2483 dubie
326 2419 440 2483 datum
468 2438 526 2501 pro
561 2422 649 2483 oerto
682 2419 727 2482 sit
757 2421 939 2500 aooeptum,
973 2419 1083 2499 potest
1117 2417 1250 2497 aliquod
1282 2496 1285 2501 Ι

194 2527 333 2591 latuisse
357 2529 415 2590 aut
436 2527 546 2610 ipsum
569 2530 627 2591 aut
650 2526 737 2607 quod
754 2528 841 2590 esset
856 2526 905 2590 illi
923 2525 1133 2590 eontrarium.
1167 2525 1250 2589 Mihi

191 2835 261 2904 ogni
278 2836 350 2890 Plut.
364 2838 409 2890 >de
428 2839 508 2905 gend>
527 2837 603 2892 δοῦν.
623 2837 663 2890 11.
705 2837 870 2905 praetore]
895 2852 919 2891 o:
939 2839 1048 2904 strateg.
1069 2824 1161 2890 'eum
1185 2838 1250 2905 qui-

191 2925 276 2996 dem]
295 2948 330 2975 =
347 2943 402 2996 quo
419 2928 528 2996 quidem
547 2935 664 2995 tempore
681 2926 847 2995 (anderledes
865 2927 907 2982 33.
919 2927 975 2995 72);
994 2926 1045 2980 ved
1063 2930 1092 2980 at
1109 2926 1250 2981 fremhaeve

150 3051 152 3054 -
194 3016 284 3071 tideus
302 3017 462 3087 kongmens,
487 3017 558 3085 ‘just
575 3017 640 3085 da«,
661 3017 768 3071 haevder
786 3017 817 3083 Q.
836 3017 928 3072 Cicero
947 3017 1134 3087 spddommens
1151 3019 1250 3087 rigtige

189 3107 350 3177 opfyldelse,
368 3108 398 3162 st
415 3112 444 3162 at
462 3110 605 3177 meningen
623 3108 718 3163 bliver:
740 3125 790 3177 ›og
803 3109 905 3177 ganske
916 3110 1026 3178 rigtigt:
1044 3108 1141 3163 de...
1161 3110 1250 3164 stedte

194 3198 230 3266 pt
248 3198 294 3252 det
311 3198 454 3267 fjendtlige
472 3201 591 3268 ryhterin
632 3199 825 3268 Antipatro]
850 3216 878 3253 se
895 3201 918 3254 3.
938 3201 963 3257 6.
1003 3200 1042 3254 ad
1066 3217 1250 3255 commemo-

195 3288 343 3357 randum]
362 3310 396 3338 =
415 3298 625 3345 commemorato
643 3289 748 3357 (Mdv.⁸
764 3290 782 3357 ξ
799 3290 851 3343 368
868 3293 957 3358 anm).

134 3368 142 3376 ’
166 3437 168 3441 ,
194 3379 422 3434 Illudtamen
446 3380 516 3434 eius
535 3379 743 3449 philosophi]
763 3398 791 3434 se
809 3375 890 3434 noten
910 3381 949 3435 15.
968 3381 1014 3445 273
1038 3390 1130 3437 tome-n
1152 3383 1249 3437 slutter
1269 3400 1307 3439 124

192 3470 238 3538 sig
259 3470 293 3523 til
316 3486 349 3523 en
372 3469 568 3525 underforsttet
589 3472 683 3527 tanke:
708 3471 762 3540 dog
785 3475 818 3524 en
841 3472 932 3540 ytring
954 3472 984 3526 af
1000 3473 1025 3527 S.
1044 3473 1082 3527 vil
1097 3472 1144 3542 jeg
1161 3474 1251 3528 endnu

194 3575 286 3614 naevne
305 3604 311 3616 .
331 3605 336 3616 .
356 3603 376 3616 ..
413 3561 560 3616 Sokrates's
579 3561 626 3615 ord
643 3579 672 3615 er
688 3565 771 3631 tagne
789 3562 829 3616 fra
847 3563 988 3631 apologien
1006 3581 1031 3632 p.
1049 3564 1084 3619 40
1102 3564 1131 3619 B.
1215 3625 1217 3632 J

194 3654 311 3719 potest
333 3652 469 3721 aliquod
488 3649 639 3706 'latuisse
659 3696 663 3705 .
684 3696 690 3707 .
710 3653 726 3721 .]
751 3656 778 3706 et
795 3652 899 3706 mindre
918 3653 1005 3723 logisk
1024 3654 1122 3725 udtryk
1139 3655 1250 3711 forden
1267 3654 1302 3708 55

83 3789 87 3798 .
194 3742 316 3810 mening:
341 3745 369 3796 et
389 3746 454 3811 tegn
475 3742 529 3796 han
552 3760 619 3797 vaere
641 3743 737 3797 bleven
761 3744 931 3814 ubemaerket,
954 3745 1019 3799 eller
1039 3746 1085 3800 det
1106 3746 1159 3801 kan
1183 3765 1250 3802 vaere

193 3832 290 3886 bleven
308 3832 409 3886 forkert
426 3833 509 3902 tydet‚
528 3833 597 3887 ferdi
615 3836 643 3887 et
656 3834 738 3888 audet
753 3838 825 3904 tego,
843 3834 1096 3905 imodsatretning‚
1114 3854 1142 3890 er
1153 3837 1248 3891 bleven

194 3923 364 3992 ubemaerket.
404 3923 609 3978 Mihi-satis
628 3928 702 3980 est.
721 3970 728 3980 .
749 3926 765 3994 .]
784 3943 810 3980 o:
829 3928 886 3995 mig
903 3943 932 3980 er
949 3927 995 3980 det
1012 3927 1066 3980 nok
1084 3970 1089 3980 .
1110 3970 1115 3980 .
1136 3970 1150 3995 .,
1169 3930 1197 3980 et
1216 3958 1249 3966 -

193 4014 256 4067 ikke
274 4014 400 4068 fiertallet
418 4015 459 4082 (si
475 4019 565 4084 meget
582 4016 682 4069 krever
695 4015 744 4084 jeg
761 4016 842 4084 ikke),
860 4034 920 4070 men
942 4017 998 4070 blot
1015 4021 1043 4070 et
1060 4016 1204 4070 mindretal
1222 4019 1253 4071 ai

190 4104 348 4174 sptdomme
366 4122 420 4160 osv.
1051 4103 1054 4110 ’
