2942 4625
537 384 605 439 LIB.
623 385 660 442 Π.
678 384 719 439 24.
738 386 848 439 52-26.
867 386 908 441 55.
1187 374 1247 434 151

186 602 290 663 quam
312 584 513 663 intellegunt
535 602 642 665 saepe,
665 585 778 647 tamen
801 602 981 664 numquam
997 586 1103 666 aegris
1122 585 1247 664 dicunt,

186 691 248 754 illc
276 692 389 755 morbo
417 710 472 755 ecs
501 709 572 755 esse
602 691 793 766 morituras3
825 692 930 754 omnis
955 693 1043 754 enim
1065 692 1246 774 praedictio

185 798 269 862 mali
292 800 365 861 tum
387 799 554 880 probatur,
579 797 710 861 eumad
726 799 985 880 praedictionem
1001 799 1111 863 cautio
1127 799 1245 863 adinn-

185 905 289 985 gitur.
340 905 426 985 Quid
454 907 559 986 igitur
588 909 646 969 aut
674 908 805 970 ostenta
833 909 890 969 aut
914 924 1025 969 earum
1048 908 1299 988 interpretasse

187 1013 242 1074 vel
264 1013 538 1077 Lacedaemonias
569 1013 647 1076 clim
669 1014 722 1076 vel
745 1031 851 1095 nuper
872 1016 1002 1077 nostres
1026 1013 1245 1078 adiuverunt?

163 1106 273 1199 ‘quae
302 1122 330 1184 si
357 1121 452 1201 signa
480 1120 614 1184 decium
645 1120 793 1202 putanda
817 1123 904 1198 sunt,
935 1116 1084 1185 curtam
1107 1121 1245 1186 obscura

183 1227 348 1292 fuerunt?
377 1229 405 1292 si
432 1228 529 1306 enim,
558 1231 596 1291 ut
626 1228 903 1308 intellegeremus,
933 1228 1013 1308 quid
1036 1231 1124 1292 esset
1144 1247 1245 1292 even·

145 1382 149 1386 -
184 1337 310 1412 iurum,
342 1338 453 1417 aperte
477 1336 636 1399 declarari
659 1336 842 1416 oportebat,
873 1339 931 1399 aut
953 1354 994 1399 ne
1018 1336 1145 1399 occulte
1169 1338 1243 1418 qui-

182 1432 272 1521 dem,
296 1446 324 1508 si
347 1462 385 1507 ea
408 1445 485 1508 sciri
507 1443 673 1507 nolebant.

250 1551 322 1615 Iam
344 1570 420 1615 vere
443 1552 632 1615 coniectura
656 1553 771 1626 omnis,
795 1551 914 1631 inqua
934 1547 1303 1629 nititurdivinatio‚26

182 1660 330 1739 ingeniis
352 1660 524 1723 hominum
544 1660 580 1721 in
602 1659 724 1722 multas
741 1661 799 1721 aut
814 1657 959 1722 diversas
975 1661 1033 1721 aui
1049 1659 1149 1722 etiam
1164 1676 1242 1722 cen-

180 1767 306 1829 trarias
329 1768 434 1847 partis
457 1783 553 1846 saepe
577 1764 755 1828 diducitur.
788 1765 835 1829 Ut
858 1767 1002 1829 enimin
1026 1766 1134 1829 causis
1153 1765 1242 1829 iudi·

181 1874 327 1936 cialibus
356 1873 420 1936 alia
443 1874 632 1935 coniectura
655 1875 705 1936 cst
728 1875 939 1949 accusatoris,
968 1873 1032 1936 alia
1060 1873 1240 1936 defensoris

180 1982 220 2043 et
242 1986 354 2043 tamen
376 1981 549 2059 utriusque
572 1978 749 2055 credibilis
774 1979 821 2042 sic
843 1981 879 2043 in
901 1980 1053 2044 amnibus
1075 1980 1116 2043 iis
1131 1979 1240 2057 rebus,

180 2105 271 2167 quae
298 2089 486 2151 coniectura
515 2087 708 2165 investigari
739 2084 902 2163 videntur,
934 2105 1054 2168 anceps
1077 2088 1240 2168 reperitur

179 2383 211 2434 et
234 2381 389 2434 substantiv
410 2379 471 2433 med
494 2383 522 2434 et
543 2379 755 2449 praepositicnelt
780 2379 879 2449 udtryk
901 2396 929 2433 se
950 2380 1044 2434 Mdv}
1064 2346 1189 2448 §acab
1215 2384 1236 2436 l.

95 2467 96 2470 ’
181 2470 280 2524 Miller
297 2471 335 2524 vil
353 2470 425 2538 (med
442 2471 558 2538 Marsus)
576 2470 637 2523 laese
653 2472 685 2524 a'n
700 2470 861 2539 Leuctrica,
880 2488 937 2524 som
955 2471 989 2524 da
1007 2471 1102 2525 skulde
1120 2489 1187 2526 vaerc
1205 2490 1238 2526 en

179 2560 305 2630 bcgtitel.
348 2560 456 2630 quoad
479 2560 667 2630 videbitur]
689 2559 734 2613 »si
751 2560 844 2629 lange,
863 2560 898 2614 du
917 2562 1038 2616 ansken.
1077 2565 1148 2615 tum
1171 2579 1237 2631 prc-

180 2649 295 2720 batnr]
324 2650 412 2704 »iader
435 2651 478 2719 sig
500 2651 555 2704 kun
573 2650 613 2704 da
630 2650 772 2704 fcrsvare«.
814 2652 940 2719 cantic]
962 2668 1009 2706 »en
1027 2650 1112 2720 mide,
1135 2652 1237 2722 hvcrpi

176 2740 229 2795 cea
245 2742 299 2795 kan
317 2741 446 2810 aurigis«.

179 2831 329 2900 sienim]
348 2830 525 2885 Underfcrsti
542 2830 572 2884 af
586 2831 774 2900 tankegangen
792 2831 863 2885 data
878 2836 950 2882 cunt.
1255 2852 1283 2892 55

177 2920 253 2976 Iam
271 2937 372 2976 verc
392 2922 434 2989 ..]
452 2920 581 2974 Triden'
574 2939 583 2973 1
601 2921 701 2975 tankcn
718 2938 747 2975 er
764 2920 898 2990 uiydelig;
916 2919 1060 2986 meningen
1075 2937 1103 2974 er
1118 2920 1170 2991 dog
1182 2923 1238 2976 visi
1254 2935 1290 2988 25

176 3011 280 3065 denne·
299 3011 440 3066 fremdeles
458 3011 513 3064 kan
530 3012 557 3064 al
575 3010 738 3080 udlaegning,
756 3011 954 3065 divinationens
972 3011 1106 3080 grundlag
1123 3014 1164 3080 (in
1182 3023 1266 3080 qua

177 3103 253 3156 riser
269 3103 331 3156 ikke
349 3101 402 3156 hen
421 3101 455 3170 pi
473 3101 633 3156 coniectura
651 3104 745 3170 omnia,
772 3118 833 3155 men
857 3101 1163 3171 normannicarum),
1187 3103 1238 3156 red

178 3192 357 3246 individuelle
379 3191 601 3261 fcrskclligheder
623 3192 673 3245 has
690 3191 853 3246 foriclkerne
870 3193 957 3246 labe
949 3210 959 3245 1
977 3195 1066 3260 meget
1083 3192 1237 3262 fcrskellige

175 3283 331 3351 'reiningen
359 3298 393 3351 cg
416 3282 498 3335 hertil
520 3282 648 3350 kcmmer‚
673 3281 746 3335 hvad
769 3281 816 3336 der
835 3282 981 3351 yderligere
999 3299 1047 3351 ger
1065 3283 1237 3337 divinatione-

179 3372 370 3441 udlaegningen
394 3371 605 3441 betydningsles,
632 3374 661 3425 at
684 3372 750 3425 dens
773 3372 835 3441 stef,
861 3372 1062 3440 faenomenerne,
1085 3390 1138 3441 rec,
1163 3377 1237 3426 snart

179 3462 234 3516 kan
256 3462 385 3515 fcrklares
408 3462 509 3530 ganske
531 3462 663 3530 naturligt
683 3461 710 3529 (f.
734 3478 756 3516 e.
780 3462 1011 3516 billedsietternes
1035 3461 1141 3531 sveden,
1164 3462 1236 3516 blod·

178 3555 266 3622 tegn)‚
293 3555 368 3606 snar‘c
395 3551 501 3619 skyldes
528 3554 556 3605 et
580 3551 719 3620 eilfaeldigt
742 3552 923 3606 sammentraef
943 3553 1084 3620 (hanames
1106 3553 1184 3622 galcn
1203 3584 1236 3592 -

177 3642 368 3697 Tbebanernes
381 3641 452 3709 sejr),
471 3657 505 3709 cg
517 3641 643 3695 stundcm
658 3642 745 3711 endcg
759 3643 814 3695 kun
829 3643 972 3696 cksisterer
985 3643 995 3695 i
1006 3659 1054 3696 vcr
1063 3643 1237 3712 indbildning

174 3733 428 3801 (hallucinationem
447 3732 582 3799 eksempel
599 3733 610 3784 i
627 3733 648 3786 Ι,
663 3733 705 3787 37.
718 3733 772 3801 81),
787 3763 821 3772 —
834 3732 919 3786 latter
932 3734 993 3802 cing
1005 3733 1084 3801 alisi,
1103 3750 1160 3788 scm
1173 3736 1235 3788 ikke

176 3823 289 3892 skyldes
312 3822 436 3891 guderne.
478 3821 635 3876 diversas
654 3866 660 3877 .
680 3865 685 3877 .
705 3865 711 3877 .
730 3823 934 3892 contrarias]
960 3824 1096 3879 Diversae
1118 3840 1147 3877 er
1169 3824 1186 3877 f.
1212 3842 1233 3878 e.

177 3914 350 3982 reiningerne
367 3912 434 3966 nord
452 3916 555 3980 ogast,
578 3928 639 3966 men
657 3913 723 3967 nord
741 3929 776 3982 cg
793 3913 842 3982 syd
860 3930 888 3967 er
906 3916 1072 3969 contrariae.
1114 3930 1234 3982 anceps

173 4004 355 4072 reperitur
373 4003 473 4071 ratic]
495 4002 556 4055 »der
573 4004 643 4056 viser
661 4004 704 4071 sig
718 4020 752 4057 en
766 4003 877 4060 dcbbelt
890 4004 966 4071 (eller
980 4004 1109 4073 fiersidig)
1118 4005 1235 4073 betragt·

175 4094 247 4162 ning
264 4092 294 4146 af
309 4094 524 4162 foencmenerne‚‹
544 4092 577 4146 de
595 4093 648 4147 kan
666 4110 708 4147 ses
726 4093 767 4147 fra
784 4094 846 4148 flere
865 4094 941 4148 sider.
