2942 4625
231 318 292 378 152
497 328 692 384 CICERONIS
710 328 760 383 DE
779 329 1022 385 DIVINATIONE

229 528 324 592 ratio.
360 527 447 605 Quas
471 530 583 593 autem
604 521 666 593 res‘
679 531 753 592 tum
771 531 900 606 natura,
923 532 996 593 tum
1012 547 1107 595 casus
1124 529 1231 594 adfert
1246 566 1293 575 -

230 655 297 699 non
319 653 500 715 numquam
523 637 623 700 etiam
639 654 781 700 errorem
797 638 886 701 orest
902 637 1085 701 similitudo
1102 674 1153 714 -‚
1169 655 1292 717 magna

231 743 376 806 stultitia
399 745 450 807 est
472 761 585 807 aarum
606 761 716 807 rerum
739 743 816 808 deos
838 743 947 808 faeere
970 743 1149 823 effectores,
1173 762 1295 808 causas

178 857 213 912 56
230 868 341 914 rerum
362 869 429 914 non
453 868 617 930 quaerere.
653 850 703 915 Tu
725 853 817 916 vates
834 851 987 916 Boeotios
1003 853 1109 917 eredis
1125 852 1295 916 Lebadiae

231 957 353 1022 vidisse
377 976 416 1022 ex
438 958 601 1038 gallorum
624 958 882 1038 gallinaceorum
897 963 1007 1037 eantu,
1031 960 1203 1024 victoriam
1219 978 1295 1023 asse

233 1066 473 1139 Thebanorum,
497 1067 574 1145 quia
597 1066 677 1145 galli
699 1068 782 1150 vieti
800 1067 895 1131 silere
912 1067 1065 1144 solerent,
1090 1085 1206 1131 oaners
1221 1068 1296 1130 vio-

232 1158 351 1236 toress
380 1172 451 1236 Hoo
480 1173 583 1254 igitur
614 1191 672 1255 per
700 1175 841 1255 gallinas
860 1174 991 1257 ‘Iupiter
1020 1176 1134 1238 tantae
1162 1174 1291 1238 eivitat‘
1390 1255 1394 1263 Ι

234 1282 366 1360 signum
389 1279 510 1343 dabat?
540 1282 625 1344 “An
647 1281 724 1345 illae
748 1300 833 1359 aven,
864 1283 930 1346 nisi
953 1302 1029 1346 oum
1051 1284 1212 1358 viserunt,
1237 1299 1296 1345 aa·

233 1406 310 1451 nere
341 1388 438 1471 [non]
468 1388 606 1451 solent?
663 1391 707 1452 At
740 1391 812 1452 tum
847 1390 1009 1453 canebant
1043 1407 1104 1454 nee
1133 1390 1294 1454 vinorant.

235 1494 283 1557 ‘Id
307 1479 394 1558 enim
416 1495 486 1572 est',
510 1496 651 1576 inquies,
676 1496 875 1561 ‘ostentum’
908 1497 1068 1578 Magnum
1083 1499 1173 1561 vero!
1198 1497 1294 1578 quasi

235 1603 352 1685 pisces,
380 1622 448 1688 non
471 1603 551 1683 galli
574 1603 769 1668 eeeinerint!
825 1604 919 1683 Quod
942 1608 1054 1669 autem
1077 1608 1127 1669 est
1150 1608 1293 1686 tempus,

237 1729 300 1790 quo
334 1710 385 1773 illi
419 1729 486 1773 non
520 1713 670 1788 cantent,
708 1712 761 1775 vol
795 1714 996 1776 nocturnum
1028 1714 1080 1776 vel
1114 1712 1297 1776 diurnum?
1328 1709 1330 1713 ⁴

236 1816 360 1895 Quodsi
383 1818 523 1881 viatores
547 1818 718 1882 alacritate
743 1822 776 1883 et
798 1820 893 1899 quasi
907 1820 1036 1884 laetitia
1052 1820 1093 1883 ad
1109 1820 1294 1884 canendum

237 1925 432 2000 enodantur,
456 1927 566 2007 potuit
589 1925 749 1991 aeoidisse
772 1928 837 1991 alia
861 1946 990 2009 quoque
1010 1929 1148 2005 laetitia,
1173 1927 1297 2009 quoad

184 2050 219 2105 57
237 2034 372 2096 uantum
393 2036 612 2097 moverentur.
647 2022 856 2099 Domooritus
880 2035 1012 2116 quidem
1026 2037 1171 2117 optumis
1187 2035 1299 2100 verbis

238 2159 371 2204 causam
394 2142 545 2222 explieat,
576 2160 635 2205 eur
657 2144 734 2205 ante
756 2143 865 2206 luoem
889 2143 968 2223 galli
992 2145 1126 2217 eanant;
1158 2142 1298 2225 depulso

239 2249 327 2311 enim
349 2247 389 2310 de
412 2251 543 2330 pastore
567 2250 600 2311 ot
622 2249 657 2311 in
680 2268 775 2314 omne
799 2268 917 2333 eorpus
941 2250 1046 2315 diviso
1070 2253 1103 2316 et
1122 2250 1300 2315 mitificato

240 2357 312 2420 oibo
336 2357 453 2419 santus
477 2356 581 2434 edere,
606 2359 716 2438 quiete
741 2359 892 2434 satIat0s3
917 2360 973 2439 qui
997 2358 1129 2441 quidem
1152 2358 1299 2422 ‘silentio

239 2463 367 2540 noetis,
390 2466 429 2527 ut
452 2465 499 2527 alt
521 2465 659 2543 Ennius,

446 2620 453 2634 .
478 2620 486 2636 .
511 2620 518 2635 .
544 2620 550 2634 .
574 2572 687 2636 favent
708 2573 861 2638 fadeibus
884 2575 989 2637 russis

447 2679 556 2756 cantui,
581 2681 766 2762 plausuque
789 2681 945 2762 premunt
968 2681 1047 2744 alas.

1271 2853 1300 2860 .-

196 2987 221 3026 5o
242 2968 421 3035 Lebadiae]
447 2983 475 3020 se
498 2967 520 3020 Ι,
544 2967 585 3021 34.
610 2967 652 3021 74.
701 2967 864 3036 gallInas]
891 2967 1020 3035 balaguer
1045 2967 1093 3020 her
1119 2970 1208 3036 arten,
1234 2966 1301 3021 ikke

240 3059 349 3112 kennet.
376 3060 494 3110 tantae
513 3057 666 3133 civitati]
683 3058 790 3113 Tantae
807 3074 835 3111 er
853 3073 945 3126 nappe
962 3058 1072 3127 rigtigt3
1092 3057 1122 3112 sd
1140 3057 1234 3111 skuldo
1252 3056 1301 3111 det

241 3147 432 3216 usandsynliga
455 3148 465 3200 i
487 3147 665 3216 fontaellingen
687 3164 755 3201 vare
773 3147 827 3217 det,
850 3151 879 3201 at
898 3148 966 3201 Zeus
984 3147 1123 3201 Trofonios
1141 3147 1228 3203 harde
1245 3148 1303 3202 talu

241 3238 274 3291 til
293 3237 323 3292 sd
337 3238 447 3307 mregtig
460 3255 493 3292 en
509 3240 564 3291 stat
577 3255 633 3292 som
644 3238 754 3291 Theben
769 3254 883 3306 gennem
897 3237 927 3290 si
939 3238 1092 3307 uanseebge
1106 3237 1298 3306 budbringerel

240 3329 334 3383 Maske
353 3337 449 3384 tantae
465 3331 509 3383 rei
525 3328 640 3397 (Christ)
658 3328 723 3382 ellar
742 3332 856 3383 tantam.
899 3327 949 3383 Om
969 3327 1014 3382 det
1031 3328 1156 3397 fulgenda
1174 3344 1202 3382 se
1221 3328 1302 3397 udgs

242 3419 407 3473 asbifilol.
430 3419 550 3486 tidsskr.‚
570 3419 632 3487 3dje
654 3418 854 3487 r.11p.35f.
899 3418 1013 3487 dabat]
1040 3419 1083 3472 vel
1108 3418 1243 3486 mmeligst
1268 3422 1302 3473 at
1351 3458 1354 3474 2

238 3514 301 3578 tage
320 3526 376 3563 som
394 3512 503 3578 Impert.
523 3518 641 3565 conatus
659 3509 824 3577 (anderlades
843 3508 963 3578 Kayser).
1003 3509 1040 3562 Id
1059 3510 1147 3563 enim
1165 3508 1227 3576 est]
1248 3508 1302 3577 rja,

242 3600 288 3654 det
306 3616 334 3653 er
350 3603 431 3668 netop
450 3620 508 3654 -ι,

197 3702 221 3742 57
243 3691 393 3760 optumis
411 3690 536 3763 verbis]
556 3712 590 3738 =
609 3698 730 3758 optuma
754 3688 840 3759 ligesb
861 3690 894 3743 de
912 3690 961 3753 fin.
979 3689 1014 3743 H.
1033 3688 1074 3742 26.
1093 3689 1134 3744 84.
1176 3688 1212 3742 de
1230 3705 1301 3757 peo-

241 3782 323 3850 tore]
342 3780 413 3834 altsb
430 3780 471 3834 fra
490 3783 756 3848 stemmeorganerne.
801 3779 944 3833 silentio
966 3779 1077 3833 noetis
1097 3823 1101 3832 .
1122 3822 1128 3834 .
1148 3779 1166 3848 ,l
1187 3779 1255 3833 citat
1272 3779 1306 3833 af

242 3889 275 3925 en
292 3871 413 3940 tragedia
431 3870 532 3938 (maske
552 3871 723 3939 Ipbiyenia);
741 3872 838 3936 faueat
853 3871 985 3936 faucibus
1003 3886 1057 3923 osv.
1076 3886 1104 3923 er
1121 3869 1302 3937 anapaestislro

242 3962 367 4026 dJ'metre3
385 3961 433 4014 det
447 3961 531 4014 forste
544 3959 633 4014 kunde
649 3959 786 4028 suppleres
798 3959 860 4013 med
867 3961 989 4028 nullique
997 3959 1149 4028 (Ribbeck).
1167 3959 1181 4012 f
1184 3958 1299 4028 avent}

242 4068 321 4120 synes
339 4051 420 4119 brugt
438 4050 448 4103 i
465 4050 647 4120 batydniugen
667 4049 766 4105 »unde«
784 4068 819 4120 og
832 4051 1002 4104 konstrueret
1016 4066 1073 4103 som
1084 4049 1300 4117 modaaetningen
