2942 4625
568 377 636 432 LIB.
655 378 690 432 ll.
710 381 733 434 1.
752 378 827 433 3-2.
847 379 869 432 6.
1184 368 1244 428 119

190 597 287 658 quam
310 579 338 642 si
362 576 516 641 donemus
532 580 631 658 atque
647 578 815 642 erudimus
831 579 1059 644 iuventutem?
1082 581 1133 644 his
1150 598 1244 662 prae·

189 687 303 748 sertim
329 685 475 749 moribus
503 687 601 766 atque
631 686 846 766 temporibus,
878 687 997 767 quibus
1021 689 1068 752 ita
1091 688 1244 771 prolapsa

189 796 249 869 est,
283 795 321 856 ut
355 794 501 856 omnium
535 793 652 874 opibus
686 792 882 857 refrenanda
916 813 953 858 ao
982 794 1161 859 oo'e‘roenda
1189 797 1243 858 sit.

188 900 256 963 Neo
279 919 354 964 vero
377 901 410 963 id
435 900 521 964 effioi
544 918 639 982 posse
663 899 801 977 confido,
830 901 916 981 quod
944 920 985 965 ne
1008 903 1278 985 postulandumb

189 1007 322 1086 quidem
351 1010 410 1085 est,
438 1028 460 1071 u
506 1026 618 1071 omnes
647 1007 875 1072 adulescentes
903 1027 937 1072 se
966 1009 1006 1072 ad
1029 1010 1110 1074 haee
1133 1011 1244 1075 studia

189 1116 391 1179 convertant.
425 1115 528 1179 Pauoi
551 1117 693 1180 utinam!
718 1134 857 1197 quorum
879 1118 990 1180 tamen
1010 1119 1044 1181 in
1060 1136 1094 1181 re
1111 1118 1244 1200 publioa

188 1222 254 1285 late
289 1225 400 1304 patere
429 1225 550 1306 poterit
584 1224 758 1288 industria.
814 1223 976 1305 Equidem
1006 1243 1043 1288 ex
1073 1226 1114 1289 iis
1144 1229 1243 1290 etiam

188 1330 334 1395 fructum
364 1332 457 1414 oapio
485 1331 606 1395 laboris
636 1334 711 1409 mei,
741 1332 798 1413 qui
820 1331 886 1395 iam
909 1335 1015 1396 aetate
1039 1335 1186 1415 proveoti
1209 1336 1243 1397 in

188 1439 310 1503 nostris
334 1440 427 1504 libris
452 1440 683 1521 adquiescunt3
708 1459 847 1521 quorum
863 1440 972 1519 studio
988 1441 1120 1520 legendi
1136 1460 1244 1506 meum

188 1546 353 1610 seribendi
382 1548 530 1612 studium
556 1549 783 1612 vehementius
806 1550 842 1611 in
866 1547 935 1610 dies
958 1547 1131 1623 inuitatum
1163 1568 1244 1630 quos

189 1656 321 1736 quidem
343 1655 465 1737 plures,
490 1674 588 1735 quam
609 1655 714 1731 rebar,
739 1674 809 1719 esse
833 1655 981 1734 oognovi.
1030 1654 1245 1735 Magnificum

187 1763 271 1827 illud
290 1764 389 1827 etiam
405 1763 627 1843 Romanisque
642 1763 831 1827 hominibus
848 1762 1036 1840 gloriosum,
1060 1765 1098 1826 ut
1110 1763 1244 1828 Graecis

189 1871 228 1933 de
252 1871 460 1953 philosophia
482 1871 603 1933 litteris
626 1889 691 1933 non
716 1874 847 1950 egeant3
875 1869 962 1949 quod
985 1869 1145 1951 adsequar
1168 1891 1244 1954 pro·
1263 1875 1279 1927 6

188 1978 285 2055 feoto,
315 1978 343 2042 si
373 1980 529 2042 instituta
556 1977 732 2059 perfecero.
789 1980 837 2042 Ao
866 1979 948 2042 mihi
981 1978 1113 2061 quidem
1141 1979 1244 2062 expli·

189 2086 311 2150 eundae
340 2086 569 2168 philosophiae
598 2104 731 2149 eausam
762 2086 883 2150 adtulit
912 2105 1008 2150 nasus
1032 2089 1139 2167 gravis
1164 2089 1243 2152 oiri-

187 2195 277 2270 tatis‚
308 2211 382 2257 oum
412 2196 446 2257 in
478 2195 577 2256 armis
601 2193 754 2257 uirilibus
778 2212 838 2257 neo
860 2194 945 2256 tueri
970 2213 1041 2257 meo
1064 2213 1152 2259 more
1175 2214 1244 2259 rem

188 2302 355 2385 publieam
387 2320 448 2366 neo
481 2301 566 2365 nihil
599 2320 695 2381 agere
729 2303 878 2384 poteram
911 2320 981 2378 neo,
1012 2303 1090 2384 quid
1122 2305 1243 2385 potius,

188 2410 274 2491 quod
309 2409 442 2490 quidem
475 2428 527 2472 me
562 2409 699 2490 dignum
732 2414 829 2487 esset,
862 2428 1001 2491 agerem,
1030 2412 1243 2493 reperiebam.

187 2517 322 2581 Dabunt
344 2519 448 2598 igitur
470 2518 552 2581 mihi
574 2520 704 2581 reniam
721 2519 787 2582 mei
803 2520 890 2583 uires
908 2519 959 2582 vel
977 2520 1117 2598 gratiam
1133 2521 1243 2600 potius

187 2625 367 2701 habebunt,
396 2625 492 2706 quod,
524 2642 599 2688 oum
629 2627 716 2689 esset
739 2628 774 2689 in
797 2626 896 2690 unius
919 2628 1083 2707 potestate
1106 2645 1159 2690 res
1182 2646 1243 2708 pu-

188 2732 284 2808 bliea,
308 2751 413 2813 neque
437 2751 496 2812 ego
519 2750 571 2795 me
594 2733 706 2797 abdidi
730 2752 836 2815 neque
861 2733 990 2797 deserui
1008 2752 1114 2813 neque
1134 2733 1244 2798 adflixi

188 2858 294 2919 neque
325 2840 371 2904 ita
400 2842 496 2920 gessi,
527 2841 621 2921 quasi
649 2842 775 2905 homini
804 2844 862 2905 aut
895 2842 1098 2923 temporibus
1128 2843 1243 2918 iratus,

188 2967 293 3028 neque
322 2967 416 3030 porro
444 2950 492 3011 ita
520 2952 578 3012 aut
607 2948 761 3012 adulatus
792 2951 849 3013 aut
873 2948 1053 3012 admiratus
1076 2949 1244 3013 fortunam

188 3075 260 3118 sum
290 3056 437 3132 alterius,
467 3058 503 3119 ut
526 3074 577 3119 me
600 3076 691 3120 meae
715 3058 909 3139 paeniteret.
961 3055 1000 3119 Id
1024 3056 1110 3120 enim
1133 3058 1244 3139 ipsum

187 3281 240 3333 his
268 3281 419 3334 moribus
448 3284 551 3350 atque
578 3283 806 3351 temporibus]
832 3282 931 3335 ‘under
954 3281 1006 3335 den
1032 3299 1068 3334 nu
1094 3282 1243 3336 herskende

187 3372 297 3426 ridsund
315 3372 453 3441 (Nagelsb.
473 3374 538 3427 Lot.
556 3373 610 3428 at⁸
628 3390 652 3441 p.
671 3373 723 3440 69).

188 3464 220 3515 in
244 3480 278 3516 re
302 3463 392 3531 publ.
419 3464 491 3516 late
518 3464 645 3532 patere]
675 3463 716 3517 »ft
745 3480 778 3517 en
803 3462 1002 3516 vidtraekkende
1028 3461 1178 3531 betydning
1203 3461 1276 3516 foro
1366 3454 1368 3457 ⁴

188 3556 307 3617 statem3
333 3553 384 3607 deu
408 3553 457 3606 har
480 3554 582 3622 nemlig
606 3570 655 3607 aere
679 3570 714 3622 og
736 3570 806 3622 garn
830 3552 860 3606 af
882 3554 948 3621 sligt
971 3552 1013 3621 (jf.
1032 3571 1058 3606 n.
1079 3554 1105 3607 d.
1123 3553 1145 3607 I.
1163 3552 1188 3607 4.
1207 3554 1244 3623 7).

187 3644 428 3713 adquiescunt]
442 3643 541 3698 »finden
556 3644 803 3698 tilfredsstillelse«.
827 3643 1052 3712 Magnificum
1070 3643 1159 3697 illud
1177 3687 1182 3697 .
1203 3688 1207 3698 .
1229 3688 1243 3713 .‚

188 3735 232 3802 ut]
255 3734 315 3787 »det
332 3751 360 3787 er
378 3736 406 3787 et
424 3735 490 3787 stolt
508 3734 562 3787 mil
580 3738 609 3788 at
626 3735 720 3803 hringe
738 3734 784 3787 det
802 3734 832 3788 sir
849 3733 916 3802 vidt,
935 3737 963 3786 at
979 3777 984 3788 .
1001 3777 1006 3788 .
1024 3754 1055 3789 .‹.
1082 3733 1243 3788 Romanis

187 3824 395 3892 hominibus]
420 3824 548 3878 adskiller
571 3811 614 3894 sig
636 3825 676 3877 fra
699 3824 746 3878 det
764 3825 860 3893 simple
880 3825 1015 3879 Romanis
1033 3823 1083 3877 ved
1101 3827 1129 3876 at
1147 3824 1243 3878 hetone

187 3914 496 3969 folkeindividualiteten
513 3915 651 3984 (Nagelsb.
672 3916 738 3970 Lat.
757 3916 811 3970 at⁸
828 3933 854 3984 p.
873 3915 942 3982 123).

187 4009 259 4076 (me)
277 4004 426 4074 deserni]
448 4022 549 4073 »opgar
566 4006 623 4075 mig
641 4006 722 4073 salv«,
744 4022 809 4075 »gar
826 4006 915 4070 tabt‹;
931 4004 963 4073 jf.
983 4004 1057 4058 Caes.
1077 4005 1101 4059 b.
1123 4021 1144 4058 c.
1163 4004 1242 4059 1.75.
1263 4018 1276 4058 o

187 4100 258 4168 (me)
277 4096 412 4164 adflixi]
434 4095 594 4165 sydmygede
613 4096 693 4165 mig«.
729 4095 936 4165 paeniteret]
957 4112 985 4149 se
1002 4098 1084 4148 neten
1102 4095 1122 4148 l.
1143 4095 1182 4148 15.
1202 4095 1242 4148 27.
