2942 4625
212 379 252 439 10
471 386 666 443 CICERONIS
685 385 735 439 DE
754 384 998 439 DIVINATIONE

210 590 330 655 Stoicis
353 608 420 653 non
443 588 664 653 concedetur?
687 587 882 669 praesertim
905 604 980 649 cum
999 585 1044 663 id,
1069 585 1108 649 de
1127 584 1269 667 quoPa-

209 700 319 763 naetio
342 716 407 763 non
426 699 541 779 liquet,
564 696 701 777 reliquis
719 695 867 759 eiusdem
885 694 1080 776 disciplinae
1099 694 1178 758 solis
1195 695 1269 757 luce

174 807 361 871 trideatur
393 805 525 869 clarius.
587 803 651 868 Sed
689 804 770 867 haec
805 803 938 884 quidem
971 803 1044 867 laus
1072 801 1269 866 Academiae

129 957 133 965 -
209 914 497 997 praestantissumi
527 911 716 993 philosophi
753 911 876 976 indicio
910 912 943 974 et
971 912 1161 975 testimonio
1191 927 1270 973 con-

170 1023 347 1105 4probata
370 1024 430 1086 est.
471 1021 602 1085 Etenim
625 1020 790 1084 nobismet
813 1020 894 1101 ipsis
919 1019 1164 1099 quaerentibus,
1189 1017 1268 1099 quid

208 1133 252 1194 sit
276 1130 315 1194 de
339 1129 542 1194 divinatione
564 1128 790 1205 iudicandum,
815 1127 902 1208 quod
926 1147 945 1191 a
968 1125 1134 1191 Carneade
1163 1127 1270 1190 multa

209 1241 303 1303 acute
327 1241 360 1302 et
383 1238 513 1320 copiose
537 1239 652 1301 contra
675 1235 803 1300 Stoloos
828 1234 998 1317 disputata
1021 1237 1099 1312 sint,
1123 1236 1267 1299 verenti·

208 1348 345 1428 busque,
369 1364 409 1409 ne
432 1348 554 1409 temere
578 1345 630 1409 vel
653 1344 755 1408 falsae
778 1345 826 1408 rei
849 1344 990 1412 velnon
1014 1345 1094 1408 satis
1115 1344 1267 1424 cognitae

208 1455 442 1531 adsentiamur,
481 1453 670 1517 faciendum
704 1452 845 1529 videtur,
887 1453 925 1515 ut
959 1452 1136 1532 diligenter
1170 1452 1271 1516 etiam

209 1567 306 1645 atque
324 1563 424 1625 etiam
443 1564 637 1642 argumenta
655 1579 730 1624 cum
749 1560 953 1641 argumentis
972 1577 1208 1642 comparemus,
1232 1564 1270 1623 ut

207 1671 346 1734 fecimus
380 1672 415 1733 in
448 1670 490 1734 iis
517 1669 625 1733 tribus
655 1669 760 1746 libris,
796 1688 877 1750 quos
907 1667 946 1731 de
980 1670 1101 1732 natura
1135 1667 1270 1732 deornm

208 1778 411 1860 scripsimus.
461 1777 545 1841 Nam
575 1795 650 1840 cum
677 1777 831 1840 omnibus
861 1778 896 1839 in
919 1776 1017 1840 rebus
1041 1777 1210 1840 temeritas
1234 1777 1269 1840 in

208 1883 423 1950 adsentiendo
442 1903 595 1966 errorque
612 1886 720 1967 turpis
741 1887 801 1961 est,
825 1888 897 1948 tum
921 1885 957 1947 in
975 1902 1012 1947 eo
1028 1884 1100 1947 loco
1120 1885 1269 1960 maxime,

207 1996 242 2059 in
272 2013 336 2075 quo
370 1993 585 2058 iudicandum
619 2003 679 2072 est,
715 1995 877 2074 quantum
911 1993 1069 2074 auspiciis
1104 1992 1268 2071 rebusque

208 2102 329 2167 divinis
352 2101 569 2182 religionique
593 2102 795 2176 tribuamus3
825 2103 875 2164 est
899 2101 986 2164 enim
1009 2100 1204 2182 periculum,
1227 2118 1268 2162 ne

208 2201 274 2275 aut
288 2209 448 2290 neglectis
471 2210 512 2272 iis
535 2211 637 2291 impia
660 2210 775 2274 frande
795 2211 852 2273 ant
872 2210 1036 2290 susceptis
1055 2208 1136 2271 anili
1154 2226 1270 2288 super-

209 2320 344 2385 stitione
368 2318 561 2398 obligemur.

172 2412 191 2470 5
274 2427 402 2505 Quibus
431 2425 470 2488 de
499 2426 597 2490 rebus
621 2429 654 2490 et
677 2426 759 2490 alias
784 2443 880 2507 saepe
905 2428 937 2489 et
960 2427 1058 2508 paulo
1083 2425 1271 2489 accuratius

175 2493 192 2546 8
210 2554 325 2619 nuper,
349 2553 424 2598 cum
448 2553 553 2599 essem
576 2552 650 2597 cum
671 2532 708 2612 Q.
725 2534 826 2598 fratre
844 2535 880 2598 in
898 2533 1095 2611 Tusculano,
1120 2534 1271 2616 disputa-

178 2868 190 2908 7
212 2851 266 2905 sed
284 2851 361 2905 haec
380 2883 413 2891 -
432 2852 631 2921 conprobata
650 2854 709 2921 est]
729 2852 874 2920 Meningen
892 2867 920 2903 er
938 2850 1035 2904 denne:
1057 2850 1115 2903 idet
1133 2850 1271 2903 Panaitios

73 2978 76 2981 -
99 2976 106 2991 .
182 2974 187 2985 ·
211 2942 298 2995 stiller
316 2944 358 3011 sig
380 2942 415 3011 pb
439 2960 540 2996 eamme
564 2942 621 2996 side
645 2959 702 2995 som
721 2941 933 2995 Akademikerne
956 2941 967 2992 i
990 2939 1076 2993 denne
1096 2956 1151 3007 sag,
1178 2938 1271 2992 vinder

211 3033 285 3087 deres
305 3033 409 3101 skepsis
428 3032 617 3086 anerlrendelse
636 3049 693 3086 scm
718 3035 745 3085 et
763 3031 868 3097 fortrin,
887 3031 951 3084 laeta

175 3123 193 3174 4
211 3125 329 3178 etenIm
347 3122 573 3190 nobismet...]
595 3139 644 3191 »og
661 3122 710 3175 nir
724 3121 773 3190 jeg
790 3121 840 3176 da.
856 3142 905 3176 ..‹.
930 3119 1113 3174 faciendum
1132 3119 1271 3188 videtur,

211 3215 255 3282 ut]
275 3214 326 3269 Om
336 3214 421 3267 denne
431 3212 616 3281 omskrivning
626 3230 653 3266 se
663 3212 838 3281 Muscam
850 3211 876 3266 b.
900 3210 1135 3281 religionique]
1149 3209 1271 3280 »ogidet

211 3306 271 3359 hele
292 3305 468 3373 religionen‹;
490 3303 522 3372 jf.
543 3306 608 3359 etl.
628 3305 651 3359 1.
688 3303 808 3372 fraude]
830 3302 938 3372 aspud«,
965 3301 1172 3357 »formastelse‹.
1209 3318 1271 3355 sus-

124 3464 127 3469 ·
211 3397 325 3465 ceptis]
347 3395 526 3449 »anerlrender
551 3395 636 3464 (alyse
657 3396 667 3448 i
688 3394 755 3447 kuld
777 3410 811 3463 og
833 3395 912 3463 ken«,
927 3393 960 3462 js.
978 3411 1000 3448 a.
1019 3394 1137 3461 liberos),
1157 3391 1206 3461 ’gd
1223 3391 1271 3445 ind

172 3488 273 3596 5pleq
294 3504 321 3540 se
339 3487 375 3541 Π.
393 3487 435 3541 39.
453 3487 495 3561 83,
529 3486 874 3556 40.84,jf.11.54.112.

90 3641 93 3647 ⁴
178 3624 191 3663 3
212 3578 242 3643 Q.
261 3578 373 3646 fratre]
393 3577 518 3644 Quintus,
536 3578 574 3632 M.
592 3577 707 3632 Cicere’s
725 3581 816 3631 eneste
834 3575 938 3644 breden
956 3593 1003 3629 var
1020 3579 1102 3644 noget
1119 3591 1201 3644 yngre
1219 3573 1272 3628 end

210 3670 272 3723 han.
313 3670 353 3722 De
372 3667 501 3737 opdroges
520 3685 648 3736 sammon,
672 3685 706 3737 eg
724 3668 771 3721 der
788 3666 917 3721 herslrede
935 3667 976 3720 for
994 3668 1040 3720 det
1057 3669 1142 3720 meste
1161 3669 1188 3719 et
1205 3666 1271 3734 godt

210 3759 315 3813 forhold
334 3760 442 3814 mollem
461 3759 534 3823 dem;
558 3759 674 3824 Quintus
693 3758 820 3812 erlrendte
839 3759 848 3811 i
867 3756 995 3811 broderen
1014 3758 1056 3810 sin
1075 3756 1219 3811 evermand
1236 3757 1272 3825 pt

211 3852 263 3905 alle
281 3850 409 3919 omrider,
427 3850 564 3918 undtagen
582 3850 674 3904 misle
691 3851 822 3918 poesiens.
852 3849 914 3902 Han
933 3848 1016 3902 ntede
1035 3852 1064 3901 at
1082 3849 1154 3902 blico
1175 3851 1271 3916 praeter

213 3943 253 4011 (dr
270 3943 314 4011 62)
333 3958 367 4010 og
385 3941 558 4010 prolmnsuli
576 3941 667 3997 Asien.
702 3941 746 3994 Da
768 3940 873 3993 Marcus
892 3939 954 3994 blev
972 3939 1056 3993 drabt
1074 3939 1104 3991 tr
1120 3940 1163 4006 43,
1186 3937 1271 3990 mitte

213 4032 278 4100 ogei
305 4032 421 4097 Quintus
448 4032 508 4086 lade
534 4032 601 4086 livet
627 4048 685 4085 som
711 4031 853 4099 tilhaenger
881 4030 911 4083 af
930 4031 1039 4084 Brutus.
1074 4029 1270 4096 Tusculano]

213 4123 306 4175 Denne
324 4122 390 4190 gdrd
408 4123 458 4176 ved
476 4123 622 4176 Tusculum
641 4123 688 4189 (nu
706 4121 848 4189 Fmscati),
867 4124 894 4175 et
912 4138 960 4189 par
977 4120 1026 4173 mil
1043 4122 1120 4174 osten
1139 4119 1180 4173 for
1193 4120 1270 4188 Rem,
