2942 4625
250 349 310 408 192
515 358 711 415 CICERONIS
729 359 780 413 DE
799 359 1042 415 DIVINATIONE

248 561 328 622 baec
357 559 421 623 duo
445 560 522 634 sint,
554 576 636 639 quae
660 559 831 639 relinquis.
881 556 953 636 Qua
976 577 1051 639 ergo
1074 560 1202 623 ratione
1225 560 1310 623 haec

248 666 388 745 inducis,
412 667 526 731 eadem
549 667 606 730 illa
629 668 770 748 possunt
793 683 873 743 esse,
898 684 980 746 quae
1004 666 1104 730 tollis.

178 753 232 889 δὲ
314 772 400 852 Quid
423 792 498 838 vero
521 774 620 837 habet
644 774 852 838 auctoritatis
874 772 967 838 furor
994 775 1068 852 iste,
1097 793 1194 855 quem
1221 773 1311 837 divi-

248 900 328 946 nunr
357 883 496 959 vocatis,
527 883 575 958 ut,
607 899 689 962 quae
718 882 850 962 sapiens
878 901 944 945 non
974 882 1100 959 videat,
1131 901 1169 946 ea
1196 881 1308 945 videat

248 991 395 1065 insanus,
427 994 461 1053 et
487 990 525 1066 is,
559 989 614 1068 qui
645 989 807 1053 humanos
836 1006 952 1053 sensus
985 990 1146 1065 amiserit,
1177 988 1307 1053 divinos

249 1097 426 1161 adsecutus
455 1096 523 1160 sit?
576 1094 720 1178 Sibyllae
748 1115 862 1160 versus
892 1097 1113 1174 observamus,
1144 1097 1309 1178 quasilla

248 1204 361 1268 furens
393 1203 519 1268 fudisse
548 1203 679 1268 dieitur.
729 1203 874 1281 Quorum
902 1207 1065 1286 interpres
1095 1223 1201 1286 nuper
1223 1203 1309 1267 falsa

240 1311 391 1391 ,quadam
420 1312 590 1375 hominum
616 1310 704 1374 fama
734 1311 884 1376 dicturus
913 1313 947 1375 in
977 1315 1093 1376 senatu
1117 1312 1307 1393 putabatur,

250 1436 334 1495 eum,
370 1437 467 1499 quem
500 1437 534 1481 re
568 1437 644 1481 vera
677 1437 787 1499 regem
820 1419 1035 1497 habebamus,
1073 1419 1308 1502 appellandum

251 1545 379 1608 quoque
403 1544 473 1591 esse
496 1545 617 1607 regem,
642 1528 669 1590 si
694 1527 776 1590 salvi
800 1545 871 1590 esse
894 1528 1063 1591 vellemus.
1111 1526 1183 1590 Hoc
1206 1529 1233 1590 si
1257 1530 1306 1590 est

249 1636 284 1696 in
315 1634 419 1711 libris,
449 1635 483 1697 in
514 1653 610 1715 quem
640 1635 806 1698 hominem
837 1637 869 1697 et
897 1637 933 1698 in
963 1634 1049 1716 quod
1076 1636 1208 1716 tempus
1236 1636 1309 1697 est?
1341 1624 1347 1632 ’

252 1742 369 1805 callide
404 1743 501 1817 eninr,
537 1744 593 1822 qui
627 1742 685 1805 illa
719 1742 914 1823 composuit,
945 1743 1092 1824 perfecit,
1126 1745 1172 1818 ut,
1204 1741 1308 1822 quod-

113 1930 117 1938 ·
252 1867 390 1929 curaque
422 1849 606 1925 accidisset,
641 1849 848 1930 praedictum
878 1850 1045 1914 videretur
1075 1851 1245 1913 hominum
1275 1852 1309 1913 et

184 1958 437 2038 111ten1po1um
461 1956 652 2020 definitione
676 1957 817 2021 sublata.
856 1957 1017 2020 Adhibuit
1033 1959 1133 2021 etiam
1147 1938 1314 2021 latebrans

252 2063 473 2140 obscuritatis,
506 2067 544 2127 ut
571 2064 671 2127 iidem
699 2083 813 2129 versus
837 2066 918 2129 alias
942 2065 977 2127 in
1001 2065 1099 2128 aliam
1121 2083 1190 2128 rem
1213 2084 1309 2146 posse

252 2171 490 2235 accommodari
513 2171 713 2235 viderentur.
754 2172 828 2235 Non
851 2190 921 2235 esse
945 2174 1056 2236 autem
1079 2172 1162 2235 illud
1179 2190 1310 2235 carmen

252 2278 393 2343 furentis
418 2296 492 2342 cum
515 2279 625 2361 ipsum
648 2283 763 2362 poema
788 2280 933 2344 declarat
956 2317 997 2326 -
1021 2283 1071 2343 est
1094 2282 1182 2345 euim
1203 2282 1310 2360 magis

253 2387 334 2450 artis
358 2389 391 2449 et
414 2386 606 2466 diligentiae
623 2405 721 2467 quam
745 2388 951 2452 incitationis
975 2390 1008 2451 et
1030 2391 1140 2452 motus
1163 2426 1213 2466 -,
1236 2391 1310 2451 tum

253 2513 327 2558 uero
352 2513 399 2572 ea,
423 2512 506 2575 quae
529 2497 698 2579 ἀκροστιχίς
718 2495 849 2573 dicitur,
874 2513 948 2559 cum
971 2494 1126 2577 deinceps
1142 2515 1180 2559 en
1195 2496 1335 2578 primis.

255 2749 282 2785 se
304 2731 562 2788 notenI.58.132.
608 2732 675 2797 Qua
698 2749 773 2801 ergo
793 2772 799 2785 .
820 2774 825 2786 .
846 2732 864 2801 .]
892 2732 955 2785 Man
982 2732 1094 2785 veutede
1122 2747 1227 2785 suarere
1254 2748 1311 2800 qua

255 2825 324 2876 errem
343 2866 348 2876 .
369 2867 373 2877 .
394 2866 413 2877 ..
450 2823 593 2891 inducis]
614 2844 644 2869 =
663 2825 804 2890 relinquis,
819 2824 934 2890 probae.

200 2900 236 2952 54
255 2913 495 2983 auctoritatis]
526 2914 646 2982 »gerenti
671 2913 738 2981 for«,
767 2912 868 2981 agrund
889 2913 923 2965 tii
947 2915 976 2965 at
997 2915 1063 2966 tro«.
1110 2911 1257 2980 sapiens]
1283 2926 1311 2963 se
1367 2914 1373 2921 '

195 2971 236 3009 11⁰
254 3006 335 3056 notan
354 3004 376 3056 1.
395 3002 437 3057 39.
455 3004 496 3057 85.
538 3003 681 3071 fudisse]
705 3019 733 3056 se
757 3006 838 3055 notan
856 3001 878 3056 1.
898 3003 937 3055 11.
958 3003 997 3056 18.
1044 3002 1185 3067 Quorum
1213 3003 1311 3055 inter·
1365 3050 1370 3053 Α

254 3093 338 3161 pres]
357 3093 394 3147 nl.
413 3093 442 3147 L.
461 3093 585 3147 Aurelius
606 3092 695 3162 Cotta,
717 3110 770 3147 coe.
790 3092 830 3146 65.
857 3091 943 3160 Ifalge
963 3093 1035 3145 Suet.
1058 3093 1134 3147 Gaea.
1150 3093 1184 3145 79
1202 3108 1248 3145 var
1266 3091 1311 3144 det

255 3184 282 3235 et
299 3181 415 3243 udbredt
432 3186 516 3252 rygte‚
534 3186 563 3237 at
582 3183 663 3237 Cotta
682 3200 738 3237 som
758 3187 790 3236 en
809 3182 838 3235 af
848 3183 878 3237 X
883 3183 958 3237 Volet
973 3185 1063 3236 sooria
1079 3183 1223 3248 faciundae
1240 3181 1311 3235 vilde

254 3271 352 3325 foresli
371 3272 469 3326 Caesar
491 3273 589 3327 udrdbt
606 3275 639 3327 til
658 3274 754 3343 konge,
777 3273 902 3326 eftersom
927 3271 1168 3341 spddomsbegerue
1185 3271 1312 3341 udsagde,

255 3367 284 3416 at
305 3364 360 3416 kun
383 3381 415 3416 en
433 3365 520 3433 konge
538 3365 627 3418 kunde
646 3365 787 3418 evervinde
805 3363 959 3417 Partherne.
1002 3361 1186 3417 Overhovedet
1203 3379 1250 3415 var
1267 3362 1314 3415 der
1362 3358 1366 3363 ’
1452 3356 1453 3367 ’

255 3454 265 3505 i
289 3454 339 3507 deu
363 3455 508 3507 Romerske
535 3454 673 3522 republiks
701 3454 786 3508 sidste
807 3454 849 3507 tid
875 3453 938 3507 flere
965 3452 1087 3506 sbkaldte
1116 3452 1310 3521 »Sibylliuske«

257 3544 418 3613 sptdomme,
442 3544 585 3598 forfattede
607 3544 637 3597 af
651 3544 740 3612 Iader,
763 3546 772 3597 i
791 3544 888 3612 omleb,
912 3560 968 3596 som
988 3542 1137 3613 forkyndte,
1161 3547 1189 3596 at
1207 3560 1240 3596 en
1259 3546 1315 3596 star
1351 3578 1353 3581 -

256 3635 342 3702 louge
370 3634 463 3688 skulde
490 3635 595 3688 komme
623 3650 657 3702 og
680 3635 848 3703 underlaegge
872 3635 914 3702 sig
935 3633 1041 3687 verdeu.
1076 3634 1230 3702 perfecit]
1252 3632 1315 3686 »har

256 3727 347 3792 mageb
369 3724 415 3778 det
438 3725 491 3779 sd«.
531 3724 897 3792 hominum-sublata]
925 3724 973 3777 »da
992 3723 1180 3793 spadorumene
1197 3723 1314 3777 hverken

257 3831 285 3867 er
302 3815 471 3883 begraensede
489 3816 523 3870 til
541 3815 674 3869 bestemte
693 3831 818 3883 personer
835 3815 900 3868 aller
917 3815 1011 3869 tidere.

199 3922 308 3977 mea,
335 3908 427 3975 quae]
455 3906 496 3960 for
518 3908 557 3975 la,
585 3906 668 3974 quod,
691 3906 776 3959 under
797 3905 958 3974 pirirkniug
980 3906 1010 3959 af
1030 3903 1251 3973 prsedikatsordet
1272 3903 1313 3973 (jf.

257 3996 351 4050 Μτίν,8
368 3998 385 4065 ξ
401 3997 475 4064 arb:
500 3996 586 4065 ligesb
610 3997 663 4049 dio.
687 3997 718 4049 ia
740 3996 817 4050 Gaea.
840 3996 864 4048 2.
883 3996 912 4050 5:
931 3998 1008 4061 boec,
1034 3996 1235 4064 quaesitatur
1259 4011 1316 4048 ease

261 4089 403 4139 accusatio
417 4103 487 4150 mec,
506 4104 563 4141 non
574 4089 674 4154 potius
689 4087 831 4140 accusatio
846 4102 929 4152 qaam
939 4087 1060 4152 defensio
1071 4085 1316 4150 antestetimanda,
