2942 4625
546 380 614 434 LIB.
631 380 654 435 I.
672 381 713 436 34.
732 380 843 436 74-35.
862 381 903 435 77.
1213 368 1252 428 67

197 583 393 665 petivissent
420 581 459 645 de
482 582 620 645 victoria
643 581 851 644 sciscitantes
874 581 1041 661 legatique
1065 581 1253 662 quasillum,
1318 552 1338 646 :s
1359 563 1398 662 ‘5⁵

197 692 232 753 in
263 678 326 772 quo
353 690 484 753 inerant
508 691 622 766 sortes,
654 689 914 765 collocavissent,
943 689 1048 765 simia,
1078 663 1255 769 quainrex
1339 769 1341 772 Ι

137 782 138 785 “
197 798 416 863 Molossorum
438 799 474 862 in
490 797 618 860 deliciis
633 795 786 873 habebat,
811 803 843 859 et
860 798 964 860 sortes
980 796 1070 878 ipsas
1087 799 1120 859 et
1135 800 1253 872 cetera,

198 925 281 987 quae
312 886 408 970 erant
433 905 474 970 ad
498 907 620 969 sortem
643 907 767 986 parata,
797 903 996 968 disturbavit
1020 906 1053 967 et
1076 904 1166 967 aliud
1190 904 1254 968 alio

198 1014 393 1096 dissupavit.
444 1014 528 1076 Tum
556 1031 604 1091 ea,
633 1030 716 1093 quae
744 1012 932 1093 praeposita
960 1014 1031 1075 erat
1054 1012 1172 1085 oraclo,
1202 1031 1254 1076 sa-

198 1122 311 1186 cerdos
342 1123 461 1186 dixisse
486 1121 628 1198 dicitur,
664 1120 702 1183 de
736 1120 842 1183 salute
872 1119 1139 1183 Lacedaemoniis
1173 1138 1253 1196 esse,

197 1249 264 1293 non
287 1229 326 1292 de
350 1230 487 1293 uictoria
511 1228 732 1309 cogitandum.

264 1337 371 1415 Quid?
395 1337 480 1417 bello
497 1336 623 1400 Punico
644 1335 787 1400 secundo
804 1334 912 1399 nonne
928 1333 965 1399 0:
978 1334 1162 1398 Flaminius
1178 1352 1256 1398 con·
1275 1315 1316 1450 ἒξ

199 1446 250 1508 sul
273 1446 395 1508 iterum
418 1446 562 1525 neglexit
584 1446 680 1523 signa
702 1462 812 1507 rerum
835 1443 1022 1507 futurarum
1045 1461 1257 1522 magnacum

198 1553 290 1616 clade
318 1555 364 1615 rei
395 1554 573 1635 publicae?
619 1551 681 1631 Qui
713 1553 857 1615 exercitu
888 1551 1030 1615 lustrato
1061 1568 1136 1614 cum
1159 1552 1257 1614 Arre-

197 1662 283 1728 tium
310 1680 424 1725 uersus
452 1663 561 1725 castra
590 1662 747 1724 movisset
771 1662 803 1723 et
827 1662 941 1722 contra
963 1658 1186 1722 Hannibalern
1208 1659 1256 1722 le-

190 1769 311 1848 ·giones
335 1769 479 1845 duceret,
503 1771 630 1850 etipse
654 1771 687 1831 et
710 1786 814 1848 equus
839 1769 910 1830 eius
926 1770 1003 1831 ante
1020 1769 1152 1848 signum
1167 1768 1255 1833 lovis

198 1874 339 1940 Statoris
364 1878 434 1939 sine
458 1896 557 1941 causa
580 1882 714 1959 repente
731 1876 876 1939 concidit
891 1893 952 1938 nec
968 1894 1038 1939 eam
1055 1895 1123 1940 rem
1139 1878 1256 1940 habuit

197 1983 359 2063 religioni,
391 1984 518 2048 obiecto
546 1986 651 2064 signo,
680 1987 718 2047 ut
745 1985 861 2065 peritis
890 1984 1073 2062 videbatur,
1102 2004 1143 2048 ne
1167 2003 1255 2048 oom-

196 2092 345 2155 mitteret
378 2092 549 2173 proelium.
604 2091 697 2155 Idem
731 2110 807 2155 eum
836 2092 983 2174 tripudio
1017 2095 1254 2174 auspicaretur,

197 2200 359 2281 pullarius
395 2200 482 2263 diem
516 2201 633 2282 proelii
666 2200 894 2264 committendi
928 2200 1110 2264 differebat.
1172 2201 1256 2265 Tum

198 2308 380 2373 Flaminius
409 2327 446 2373 ex
475 2327 511 2372 eo
543 2310 715 2390 qnaesivit,
751 2310 779 2373 si
807 2328 847 2372 ne
877 2313 991 2391 postea
1015 2309 1148 2390 quidem
1171 2310 1255 2392 pulli

198 2421 420 2498 pascerentur,
452 2417 531 2498 quid
554 2416 743 2481 faciendum
766 2420 924 2481 censeret.
977 2416 1058 2481 Cum
1081 2418 1138 2481 ille
1162 2419 1255 2497 quie·
1297 2432 1300 2436 ’

199 2525 356 2588 scendum
372 2524 607 2607 respondisset,
630 2526 829 2589 Flaminius:
855 2526 1032 2607 ‘praeclara
1047 2545 1123 2589 vero
1143 2527 1254 2608 auspi-

199 2617 263 2710 111,ι
283 2633 311 2729 si
334 2634 556 2698 esurientibus
580 2634 681 2715 pullis
705 2650 757 2697 res
781 2634 850 2713 geri
873 2635 1005 2715 poten't,
1030 2634 1151 2697 saturis
1171 2634 1255 2729 nihil

198 2929 395 2999 quasillum]
415 2948 443 2985 se
461 2932 537 3001 ndgs
556 2933 614 2987 alh.
633 2934 644 2986 i
661 2932 725 2986 filol.
740 2931 859 2998 tidsskr.,
877 2930 939 2999 3dje
954 2948 974 2985 r.
990 2930 1017 2983 Π
1032 2947 1057 2999 p.
1068 2931 1109 2986 29.
1136 2932 1254 2986 Molos·
1275 2954 1301 2993 rs

199 3020 319 3089 sorum]
339 3020 450 3076 Dodone
474 3022 501 3076 a
524 3023 534 3075 i
558 3023 590 3077 de
613 3022 773 3077 Molossiske
797 3022 911 3090 longers
935 3022 1007 3089 land,
1031 3021 1078 3075 der
1101 3040 1192 3077 uenere
1210 3024 1254 3077 nd·

196 3110 303 3164 ridedes
322 3111 356 3165 til
373 3113 531 3182 longeriget
539 3113 659 3182 Epeiros.
688 3116 797 3166 sortes
818 3156 823 3167 .
843 3154 849 3166 .
869 3154 875 3166 .
894 3113 1030 3181 sortem]
1044 3113 1126 3167 Mark
1139 3114 1191 3168 den
1206 3114 1255 3169 for-

197 3200 309 3270 skellige
326 3201 487 3272 betydning;
506 3204 516 3256 i
534 3207 616 3257 naeste
635 3205 740 3258 sektion
758 3204 843 3257 findes
861 3205 969 3271 1191111
986 3203 996 3255 i
1013 3206 1054 3256 tre
1070 3204 1253 3274 betydninger.

197 3292 319 3344 oonsnl
341 3290 472 3358 iterum]
498 3289 527 3342 tr
544 3289 603 3358 217,
628 3290 716 3358 slaget
733 3290 784 3343 ved
801 3290 1062 3346 Trasumenus-seen.
1104 3290 1193 3343 Andre
1212 3290 1254 3344 be·
1271 3276 1307 3330 35

196 3382 333 3450 retninger
350 3398 394 3435 om
411 3380 545 3435 varalerne
563 3380 604 3434 fer
621 3378 695 3434 dette
714 3380 773 3450 slag
790 3381 847 3437 Liv.
857 3383 942 3437 XXII.
956 3383 981 3451 3,
1001 3381 1254 3451 1711.Μ11.Ι.6.6,
1274 3347 1300 3386 ⁷⁷

196 3471 291 3525 Florus
309 3471 344 3526 Π.
363 3474 386 3526 6.
406 3472 452 3536 14;
471 3470 542 3525 Plnt.
561 3470 626 3525 Fab.
645 3470 714 3526 Max.
732 3472 757 3526 3.
802 3473 985 3541 Arretium]
1005 3474 1015 3526 i
1034 3472 1169 3539 Etrurien,
1188 3471 1254 3523 nord

196 3562 236 3615 for
254 3562 514 3615 Trasumenno-seen.
555 3562 686 3629 signum
705 3562 798 3616 Iovis
818 3563 982 3632 Statoris]
1007 3564 1063 3617 Der
1085 3562 1160 3616 vides
1184 3562 1255 3615 intet

195 3668 320 3706 nannete
339 3669 382 3705 orn
400 3651 474 3706 dette
487 3651 593 3706 billede.
622 3651 785 3721 concidit]
799 3654 882 3706 Maerk
898 3654 1056 3722 singularis:
1075 3671 1132 3707 som
1145 3652 1254 3721 subjekt

195 3742 351 3796 loresvaver
374 3742 486 3811 nemlig:
514 3742 568 3796 han
591 3742 647 3796 selv
670 3743 820 3812 tilligemed
843 3744 947 3799 hesten.
982 3744 1080 3814 Ligesd
1097 3743 1132 3798 Π.
1151 3745 1194 3799 31.
1210 3743 1252 3798 67.

196 3833 313 3886 Pluralis
355 3832 456 3908 kunde·
488 3833 634 3887 fremkalde
678 3834 875 3903 forestillingen
919 3852 961 3888 om
1002 3839 1031 3888 to
1075 3834 1139 3888 fuld.
1201 3834 1254 3887 ob-

194 3925 286 3978 iecto
314 3924 421 3992 signo]
450 3925 610 3978 koneessivt.
663 3925 827 3993 tripudio]
861 3942 890 3979 se
922 3927 962 3980 15.
986 3926 1028 3980 28.
1089 3926 1149 3978 Den
1181 3925 1254 3993 slags

194 4016 296 4069 varsler
317 4014 363 4069 lod
384 4015 531 4073 feltherren
556 4014 737 4085 regelmaessig
763 4019 825 4084 tage
849 4015 889 4069 fer
913 4017 1007 4085 eleget.
1052 4015 1252 4084 differebat]

197 4105 307 4160 ›rddede
333 4106 367 4159 til
394 4110 423 4160 at
449 4108 586 4175 operette«,
613 4122 646 4159 en
673 4106 746 4175 slags
767 4109 876 4174 imperf.
902 4115 1020 4161 conatus
1044 4105 1149 4174 (Μᾶν.8
1166 4107 1183 4174 ξ
1202 4105 1253 4160 292

1061 4198 1094 4251 5*
