2942 4625
522 379 592 435 LIB.
609 379 647 434 II.
666 380 708 435 36.
727 378 837 435 76-37.
855 380 897 435 79.
1176 366 1238 427 169

184 580 308 642 tumus.
360 578 403 643 Et
430 579 563 659 quidem
590 578 647 642 ille
678 577 816 655 dicebat,
848 578 876 642 si
899 577 1029 657 quando
1052 596 1122 641 rem
1144 579 1240 659 agere

186 685 295 762 vellet,
324 703 366 749 ne
393 685 610 767 impediretur
637 686 806 767 auspiciis,
836 685 955 749 lectica
987 686 1101 767 operta
1133 685 1242 750 iacere

186 792 250 856 iter
272 810 306 857 se
330 793 444 857 solere.
477 792 564 857 Huic
588 792 694 856 simile
717 794 778 869 est,
802 791 889 872 quod
911 810 972 855 nos
989 810 1130 872 augures
1146 811 1240 875 prae-

187 901 339 981 cipimus,
365 919 407 964 ne
435 901 529 981 iuges
559 901 746 982 auspicium
768 900 931 976 obveniat,
959 902 997 963 ut
1019 899 1167 964 iumenta
1188 901 1241 964 iu-

140 1073 143 1078 ,
187 1006 287 1071 beant
315 1006 496 1088 diiungere.
549 1006 635 1085 Quid
663 1009 714 1071 est
745 1006 836 1071 aliud
865 1007 954 1069 nolle
975 1006 1101 1070 moneri
1124 1024 1143 1070 a
1164 1005 1241 1070 Iove
1259 1007 1298 1060 ⁷8

186 1113 252 1177 nisi
284 1113 423 1192 efficere,
455 1117 494 1179 ut
522 1118 580 1179 aut
608 1132 650 1179 ne
677 1114 750 1177 fieri
777 1114 882 1196 possit
911 1115 1096 1196 auspicium
1119 1116 1187 1191 aut,
1214 1114 1242 1178 si

187 1221 256 1298 fiat,
279 1221 407 1286 videri?
440 1223 525 1286 Nam
539 1222 623 1285 illud
640 1221 817 1285 admodum
831 1221 1019 1299 ridiculum,
1039 1221 1126 1301 quod
1142 1238 1243 1300 negas
1262 1215 1308 1276 37'

188 1327 381 1391 Deiotarum
403 1330 635 1412 auspiciorum,
660 1347 743 1409 quae
766 1328 829 1392 sibi
846 1328 887 1391 ad
902 1327 1097 1411 Pompeium
1112 1328 1244 1410 profici-

189 1436 296 1499 scenti
317 1434 406 1500 iacta
428 1437 505 1514 sint,
534 1438 711 1518 paenitere,
742 1436 828 1516 quod
850 1436 950 1501 fidem
973 1438 1106 1500 secutus
1129 1432 1244 1499 amiei÷

187 1543 335 1624 tiamque
357 1544 472 1626 populi
490 1545 629 1608 Romani
652 1544 788 1607 iunctus
812 1544 856 1607 sit
879 1543 1001 1618 officim
1024 1543 1245 1623 antiquiorem

189 1652 277 1715 enim
309 1651 373 1715 eibi
399 1650 502 1715 fuisse
531 1650 663 1714 laudem
693 1652 726 1714 et
757 1651 894 1730 gloriam
922 1668 1021 1730 quam
1050 1668 1188 1729 regnum
1211 1652 1245 1712 et

189 1758 414 1840 possessiones
437 1775 524 1821 suas.
560 1755 662 1821 Credo
686 1757 848 1837 equidem,
872 1757 929 1822 sed
952 1758 1013 1820 hoc
1029 1756 1113 1819 nihil
1129 1755 1170 1819 ad
1186 1774 1245 1820 au·

191 1866 311 1946 spicia;
334 1881 395 1926 nec
418 1865 506 1927 enim
529 1865 559 1927 ei
582 1865 694 1927 cornix
716 1882 832 1928 canere
855 1865 974 1946 potuit,
997 1866 1085 1928 recte
1105 1882 1181 1928 eum
1195 1862 1246 1927 fa·

192 1989 274 2047 cere,
298 1971 385 2051 quod
407 1970 521 2052 populi
536 1970 676 2035 Romani
698 1970 887 2035 libertatem
907 1971 1080 2035 defendere
1099 1973 1245 2053 pararet;

191 2077 262 2160 ipse
289 2078 352 2140 hoc
379 2077 553 2155 sentiebat,
582 2077 680 2141 sicuti
711 2078 825 2141 sensit.
877 2080 962 2142 Aves
986 2080 1122 2142 eventus
1145 2076 1247 2157 signi·
1263 2091 1305 2145 79

195 2437 334 2507 Syrakus's
358 2436 470 2491 crebrer.
513 2440 621 2491 totum
648 2439 777 2507 omisit]
799 2439 855 2492 Det
879 2440 1012 2508 gentagne
1035 2445 1120 2493 domm
1143 2454 1171 2491 er
1187 2439 1249 2493 mis-

194 2527 342 2597 taenkeligt.
385 2527 473 2580 idem
500 2528 696 2597 imperator,
723 2528 810 2583 idem
837 2527 951 2597 augur]
979 2527 1099 2582 Dobbelt
1123 2529 1195 2582 idem
1221 2545 1250 2583 er

195 2617 326 2685 sjaeldent,
343 2634 405 2671 men
422 2616 507 2672 findas
526 2618 579 2687 dog
595 2619 675 2687 noglc
692 2635 779 2688 gange
797 2618 846 2673 hos
860 2618 952 2673 Cicero
961 2618 1113 2686 (Scheller's
1127 2619 1192 2674 leks.
1203 2618 1248 2688 ⁸p.

194 2708 283 2776 4623).
324 2706 366 2761 Et
383 2707 524 2776 quidem]
542 2729 576 2756 =
595 2717 689 2777 atqua
708 2709 856 2778 eksempler
873 2709 925 2762 hos
941 2708 970 2763 C.
989 2708 1018 2763 F.
1037 2708 1077 2763 W.
1096 2709 1194 2762 Miller
1212 2711 1251 2764 ad
1326 2763 1329 2769 ,

200 2797 277 2853 Tuae.
294 2797 353 2852 442.
372 2798 405 2851 a?
423 2797 449 2850 ff.
491 2814 557 2851 rem
581 2800 688 2868 agere]
712 2799 768 2852 Det
789 2799 916 2853 ordinare
940 2798 1038 2867 udtryk
1059 2798 1101 2852 fcr
1118 2801 1147 2852 at
1164 2798 1250 2852 levere

197 2889 257 2956 slag
278 2903 306 2941 cr
328 2904 385 2941 rem
405 2905 508 2957 perere,
530 2905 587 2941 som
609 2887 701 2942 maske
719 2887 784 2957 ogsd
802 2906 829 2942 er
846 2889 892 2943 det
909 2889 1007 2957 rigtige
1025 2888 1080 2943 her.
1122 2888 1155 2942 Se
1173 2887 1250 2957 udgs

197 2977 252 3033 afh.
271 2979 281 3030 i
295 2977 359 3031 fflcl.
374 2976 495 3045 tidsskr,
511 2977 573 3046 edjo
586 2994 606 3032 r.
622 2978 651 3032 ΙΙ
664 2995 690 3047 p.
705 2979 747 3033 38.
774 2995 813 3032 ne
831 2978 1055 3047 impediretur
1071 2978 1250 3047 auspiciis]

196 3068 252 3122 Det
269 3084 316 3121 var
333 3067 415 3136 ifelge
430 3067 499 3121 Plin.
513 3069 540 3121 b.
554 3086 582 3123 n.
595 3068 720 3123 XXVIII.
739 3069 757 3123 4
774 3068 922 3122 anerlrendt
939 3069 948 3120 i
967 3068 1147 3137 augur-laren,
1165 3085 1252 3137 neque

197 3160 277 3213 dirue
294 3174 381 3226 neque
398 3158 458 3212 ulla
477 3160 605 3226 auspicia
620 3162 762 3227 pertinere
780 3161 819 3213 cd
836 3175 889 3227 cca,
913 3163 961 3228 qai
982 3175 1118 3227 quamque
1136 3176 1192 3213 rem
1209 3161 1251 3212 in·

196 3250 348 3315 predicator
367 3249 607 3303 cancerauma
625 3252 794 3317 nepaoere'nt.
829 3250 926 3317 iuges
945 3248 1143 3317 auspicium]
1162 3247 1253 3303 besttr

198 3338 281 3407 ifelge
299 3338 396 3392 Festus
414 3354 438 3406 p.
458 3337 509 3391 104
526 3337 623 3391 Miller
641 3354 675 3407 cg
694 3339 765 3394 Serv.
783 3341 814 3394 in
823 3341 892 3394 Aac.
910 3338 961 3394 III.
980 3338 1031 3392 537
1049 3339 1067 3407 i,
1085 3339 1253 3392 attenedum

197 3430 347 3484 iumentum
363 3435 468 3482 stercus
483 3429 558 3494 fecit.

199 3517 408 3586 Deiotarum]
423 3518 444 3573 Ι.
461 3518 501 3572 15.
511 3518 546 3572 26
559 3518 577 3573 f.
595 3518 782 3588 paenitere]
799 3535 827 3573 se
841 3522 923 3573 neten
935 3519 958 3574 Ι.
975 3519 1015 3573 lb.
1031 3517 1072 3572 27.
1090 3516 1191 3571 iidem
1210 3482 1310 3594 se373T

200 3612 299 3663 cutus
317 3607 573 3677 amicitiamque
587 3625 613 3677 p.
623 3608 666 3678 lt]
684 3611 740 3662 >tro
754 3608 817 3662 mod
831 3609 867 3663 sit
880 3610 960 3679 givne
974 3609 1021 3662 ord
1031 3607 1136 3678 cgmcd
1146 3608 1183 3662 sit
1193 3625 1254 3662 ren·

201 3698 379 3753 skabfch.‹.
399 3698 583 3768 sentiebat,
597 3699 704 3752 sicuti
719 3700 841 3768 sensit]
850 3697 1199 3768 Imperielrletmtbetegne
1209 3698 1255 3751 det

199 3790 291 3858 varige
309 3805 343 3857 og
360 3788 442 3857 ifelge
460 3789 528 3842 hans
545 3788 671 3843 karakter
687 3789 830 3858 naturlige,
851 3790 911 3843 »det
928 3806 976 3843 var
988 3792 1078 3858 neget,
1095 3788 1149 3842 han
1166 3787 1254 3841 altid

200 3879 267 3933 felte
289 3878 365 3947 (eller
386 3878 489 3932 mitte
512 3878 602 3947 fele)‹‚
623 3879 758 3948 perfelrtet
781 3879 899 3933 derimcd
923 3878 1048 3948 udslaget
1071 3878 1120 3931 ved
1144 3877 1194 3930 den
1213 3877 1255 3931 be·

201 3972 298 4023 sternte
320 3968 458 4039 lejlighed,
484 3969 610 4038 ›ligesom
628 3968 682 4023 han
700 3968 767 4023 lelte
785 3969 831 4023 det
848 3968 1026 4039 dengaugr.
1065 3968 1079 4022 I
1097 3967 1185 4023 stedet
1199 3983 1255 4036 pro

202 4060 283 4114 Saba
301 4059 341 4113 17.
359 4059 394 4112 49
415 4061 579 4122 ,cumulatus
596 4060 670 4113 vobis
684 4061 860 4128 pariebatur,
882 4062 965 4114 eiecti
984 4068 1087 4128 partas
1106 4067 1145 4113 est
1162 4073 1191 4111 er
1209 4056 1259 4112 der
