2942 4625
213 333 275 393 184
499 344 694 399 CICERONIS
712 344 763 398 DE
782 344 1025 399 DIVINATIONE

213 564 332 609 norum
347 547 382 609 in
399 543 626 627 periclitandis
643 543 918 625 experiundisque
935 544 1057 626 pueris,
1074 545 1284 624 quicumque

213 656 324 716 essent
345 652 434 729 nati,
451 651 651 733 Babylonios
674 653 834 733 posuisse,
858 650 994 727 fallunt3
1024 654 1052 716 si
1075 652 1163 715 enim
1186 653 1284 714 esset

214 760 414 836 faotitatum
437 778 503 823 non
521 762 608 823 esset
624 758 783 834 desitum;
806 760 972 823 neminem
989 763 1099 823 autem
1114 758 1284 822 habemus-

155 871 195 931 47
216 871 393 945 auctorem,
410 867 466 948 qui
482 866 515 931 id
533 869 591 930 aut
605 867 677 930 fieri
693 865 783 930 dieat
795 866 990 930 autfaotum
1002 867 1095 931 sciat.
1118 865 1283 942 Videsne,

213 995 265 1040 me
288 994 355 1039 non
378 992 416 1038 ea
440 974 556 1051 dicere,
588 992 671 1055 quae
694 972 889 1052 Carneades,
917 973 975 1038 sed
998 993 1045 1052 ea,
1075 992 1158 1055 quae
1182 975 1284 1055 prin·-

215 1103 291 1166 reps
323 1083 508 1147 Stoicorum
531 1081 710 1146 Panaetius
739 1081 882 1145 dixerit?
934 1082 1002 1163 Ego
1032 1085 1143 1146 autem
1174 1082 1276 1145 etiam

214 1193 295 1255 haee
318 1192 462 1271 requiro:
491 1209 656 1267 omnesne,
680 1191 737 1271 qui
761 1188 926 1254 Cannensi
949 1208 1061 1271 pugna
1084 1188 1285 1265 oeoiderint,

216 1318 280 1363 uno
305 1302 392 1363 astro
415 1297 555 1372 fuerint3
579 1299 685 1361 exitus
709 1297 842 1377 quidem
866 1299 1013 1361 omnium
1035 1316 1122 1361 unus
1138 1300 1172 1359 et
1187 1295 1276 1360 idem

215 1406 291 1469 fuit.
337 1405 449 1484 Quid?
477 1406 534 1485 qui
557 1406 690 1485 ingenio
714 1409 813 1486 atque
838 1406 946 1469 animo
971 1405 1166 1485 singulares,
1195 1424 1278 1467 num

217 1517 304 1578 astro
329 1531 458 1595 quoque
482 1514 603 1595 [uno]?
627 1511 713 1593 quod
737 1513 824 1576 enim
848 1515 989 1595 tempus,
1014 1531 1078 1593 quo
1093 1531 1161 1576 non
1176 1513 1285 1576 innu--

215 1623 390 1686 merabiles
424 1623 632 1685 nascuntur?
668 1624 702 1684 at
737 1625 824 1685 oerte
856 1622 975 1685 similis
1004 1639 1100 1684 nemo
1130 1620 1285 1684 Homeria

165 1741 200 1795 98
218 1732 270 1808 Et,
294 1731 322 1795 si
346 1729 386 1794 ad
409 1748 478 1793 rem
501 1730 655 1811 pertinet,
680 1748 743 1811 quo
766 1728 863 1792 modo
887 1729 977 1792 oaelo
1001 1727 1129 1792 adfecto
1154 1746 1279 1810 oonpo-

219 1840 358 1919 sitisque
392 1836 555 1901 sideribus
590 1836 742 1918 quodque
776 1837 898 1901 animal
933 1833 1070 1914 oriatur,
1101 1836 1210 1899 valeat
1242 1835 1276 1898 id

219 1964 352 2010 neeesse
381 1948 431 2009 est
461 1964 526 2007 non
550 1944 584 2007 in
608 1944 796 2008 bominibus
821 1945 937 2011 solum.
967 1963 1081 2007 verum
1103 1945 1138 2007 in
1161 1944 1286 2008 bestiis-

220 2055 335 2130 etiam;
366 2073 430 2136 quo
461 2051 541 2134 quid
573 2055 683 2134 potest
717 2051 783 2117 dioi
817 2052 1018 2117 absurdius?
1072 2052 1109 2114 L.
1144 2051 1278 2133 quidem

221 2163 376 2226 Tarutius
409 2161 593 2237 Firmanus,
623 2160 796 2224 familiaris
825 2163 946 2235 noster,
978 2160 1012 2223 in
1041 2160 1156 2241 primis
1180 2157 1286 2223 Chal-a

222 2271 324 2334 daiois
347 2269 531 2334 rationibus
555 2268 715 2346 eruditus,
740 2268 831 2333 urbis
855 2269 954 2333 etiam
976 2270 1107 2333 nostrae
1130 2267 1277 2332 natalem

221 2379 308 2442 diem
330 2378 500 2460 repetebat
523 2378 563 2441 ab
586 2378 628 2441 iis
651 2376 828 2454 Parilibus
856 2378 975 2459 quibus
999 2396 1071 2441 eam
1094 2395 1112 2440 a
1134 2376 1283 2440 Romulo

310 2594 325 2598 r-
335 2593 451 2598 ...w-
460 2594 487 2598 .-
505 2594 523 2597 -
533 2594 547 2597 -
557 2593 595 2598 ..-.
604 2593 619 2597 -
643 2591 1035 2598 -.-.-———-.---.—-———
1043 2591 1274 2598 -—-—..-.——-.

220 2715 301 2782 potio
323 2712 448 2780 (Seyffert
468 2713 578 2765 scholae
598 2711 684 2765 Lot*
701 2710 714 2763 I
731 2728 758 2779 p.
778 2710 827 2764 144
843 2709 874 2778 jf.
893 2709 921 2762 ΙΙ
939 2727 964 2779 p.
983 2710 1035 2778 74).
1079 2710 1112 2762 in
1139 2709 1276 2777 perioli·

221 2802 338 2856 tendis
374 2801 662 2870 experiundisque
698 2801 825 2870 pueris]
862 2802 964 2869 nemlig
999 2799 1115 2867 siledes,
1151 2803 1180 2852 at
1214 2815 1277 2852 man

222 2892 449 2962 sammenlignede
476 2891 550 2945 dores
578 2892 743 2960 egenslxaber
769 2909 803 2961 og
827 2892 933 2946 skrebne
962 2891 1023 2944 med
1050 2890 1284 2943 konstellationen

222 2985 271 3039 ved
289 2986 364 3039 dares
382 2982 475 3037 sedsel.

169 3086 204 3139 47
224 3072 658 3142 Carneades—Panaetius]
683 3072 733 3127 Om
752 3072 824 3126 disse
841 3072 980 3126 filosoffers
1000 3070 1106 3138 stilling
1122 3069 1156 3122 til
1175 3086 1285 3138 sparge--

222 3165 305 3219 milet
323 3181 351 3217 se
368 3163 390 3218 1.
408 3164 431 3218 3.
451 3165 468 3217 6
486 3163 504 3219 1.
544 3163 634 3232 haee]
659 3163 737 3231 plur,
763 3162 833 3216 ferdi
857 3162 903 3216 der
925 3163 1045 3215 kommer
1067 3164 1096 3214 to
1120 3159 1278 3229 spergsmbl.

222 3273 286 3310 uno
305 3256 406 3324 astro]
428 3254 516 3308 »fedte
534 3254 618 3307 under
636 3270 737 3308 semme
755 3253 972 3321 konstellatiom,
991 3269 1024 3305 en
1043 3252 1115 3320 slags
1134 3251 1187 3304 obl.
1203 3251 1282 3320 qual„

222 3366 296 3402 num
323 3350 417 3401 astro
444 3346 584 3413 quoque]
608 3362 645 3399 eo.
667 3346 824 3413 amputares
847 3352 919 3411 suut,
946 3341 1020 3395 fedte
1046 3342 1130 3395 under
1156 3358 1189 3394 en
1216 3341 1279 3395 kon-

223 3439 361 3493 stellation
379 3453 414 3505 og
430 3437 440 3490 i
459 3441 485 3489 et
503 3439 631 3504 moment,
649 3435 683 3488 da
700 3436 781 3504 ingen
800 3434 886 3488 anden
904 3450 932 3487 er
949 3432 1014 3486 fedt.
1052 3432 1103 3486 Orn
1121 3431 1284 3486 lesemeden

224 3548 251 3584 se
269 3529 346 3598 udgs
364 3528 418 3581 afb.
437 3528 447 3580 i
465 3527 528 3580 filei.
547 3526 665 3594 tidssln,
684 3525 745 3594 edje
763 3542 782 3578 r.
801 3524 873 3592 Hp.
893 3524 926 3578 39
944 3524 962 3578 f.
1002 3519 1201 3594 nascuntur]
1224 3516 1283 3576 'Om

223 3620 389 3674 indilratiren
408 3635 436 3671 se
454 3621 536 3670 neten
553 3617 593 3671 28.
613 3617 660 3680 61;
679 3632 775 3684 mange
793 3615 831 3668 vil
848 3616 910 3669 larse
927 3623 1090 3670 nuscuntur.

178 3738 204 3779 93
223 3711 252 3765 L.
272 3710 433 3763 Tarutius
451 3709 640 3776 Firmanus]
665 3722 790 3760 naermere
814 3706 911 3759 omtalt
929 3704 1000 3759 Plut.
1019 3704 1124 3758 Romul.
1144 3703 1184 3757 12.
1225 3703 1287 3756 Det.

223 3819 270 3856 var
287 3800 322 3870 pb
340 3800 445 3852 Varro's
470 3798 631 3867 opfordring,
653 3797 707 3850 han
729 3795 873 3850 anstillede
896 3797 952 3850 sine
975 3796 1156 3864 beregninger.
1193 3792 1285 3847 Pari*

223 3891 330 3961 libus]
352 3891 462 3944 Parilia
480 3889 545 3942 oller
564 3889 669 3943 Palilia
686 3904 733 3941 var
751 3904 783 3940 en
801 3890 916 3955 munter,
937 3885 1042 3953 landlig
1058 3884 1205 3953 fordrsfest,
1228 3883 1280 3938 den

224 3983 292 4036 arde
310 3982 387 4050 april,
405 3980 439 4033 til
457 3997 505 4033 aere
524 3980 564 4032 for
582 3977 755 4047 hyrdeguden
774 3977 1011 4047 (aller-gudindeu)
1030 3975 1115 4029 Pales.
1140 3975 1173 4028 in
1191 3974 1286 4044 iugo}
1381 4038 1394 4061 r

223 4076 242 4125 i.
262 4090 283 4125 e.
301 4075 332 4125 in
348 4075 426 4139 sturm
447 4071 551 4124 Librae
569 4061 676 4140 (ζυγός).
