2942 4625
499 352 568 408 LIB.
586 354 622 408 11.
641 354 683 409 63.
702 354 829 409 rae-64.
848 355 906 409 132.
1063 406 1066 410 ,
1171 343 1233 403 207

118 547 266 609 mente
305 570 381 632 qua
413 551 480 614 sint
503 552 647 632 quidque
671 555 870 634 significent,
894 553 1233 636 quemadmodumque

126 666 175 713 ea
211 661 463 736 procurentur
490 663 589 741 atque
618 662 800 742 expientur.
845 661 1002 741 Idemque
1033 664 1234 726 somniorum

131 761 417 832 eonieetionem
440 767 556 832 definit
578 769 640 832 hoo
663 769 775 833 modo:
807 788 877 833 esse
901 769 967 832 rim
990 772 1178 833 cernentem
1201 774 1234 833 et

135 870 418 954 explanantem,
456 895 539 957 quae
573 896 592 940 a
626 876 676 941 dis
709 877 898 941 hominibus
937 877 1167 957 significentur
1198 878 1234 940 in

140 982 312 1046 somnis.
358 983 443 1061 Quid
472 987 571 1063 ergo?
601 983 641 1047 ad
670 985 751 1048 haee
779 984 935 1048 medioori
965 1003 1047 1067 opus
1077 989 1127 1050 est
1155 1005 1234 1068 pru-

145 1081 288 1153 dentia
315 1111 356 1155 an
380 1094 412 1154 et
435 1091 567 1171 ingenio
591 1093 773 1173 praestanti
798 1095 830 1156 et
853 1093 1036 1157 eruditione
1067 1093 1234 1175 perfecta?

146 1189 291 1261 Talem
323 1201 433 1263 autem
463 1200 675 1281 eognovimus
704 1200 891 1274 neminem„
930 1200 1012 1264 Vide
1040 1202 1152 1281 igitur,
1182 1178 1302 1317 11⁹¹?ss

150 1301 309 1370 etiamsi
341 1306 577 1370 divinationem
604 1306 666 1369 tibi
695 1325 765 1371 esse
796 1325 996 1385 conoessero,
1028 1309 1114 1389 quod
1137 1328 1234 1373 num-

153 1425 277 1488 quam
311 1415 439 1492 faoiam
470 1416 635 1478 nemiuem
657 1417 768 1478 tamen
792 1415 940 1479 divinum
962 1418 1104 1498 reperire
1128 1418 1235 1499 possi-

155 1536 258 1585 mus,
308 1521 422 1599 Qualis
452 1522 563 1585 autem
593 1524 658 1585 ista
686 1522 799 1586 ‘mens'
824 1524 874 1586 est
897 1522 1041 1601 deorum,
1071 1527 1099 1588 si
1128 1543 1234 1606 neque

159 1643 205 1689 ea
232 1630 334 1695 nobis
358 1629 548 1709 signifioaut
570 1630 605 1691 in
629 1632 763 1708 somnis,
787 1648 869 1710 quae
892 1633 957 1712 ipsi
980 1649 1038 1712 per
1060 1650 1119 1695 nos
1135 1634 1186 1695 int
1205 1633 1234 1695 l-

160 1733 336 1816 legamus‚
358 1755 464 1817 neque
484 1756 530 1814 ea,
548 1755 687 1817 quorum
702 1739 900 1818 interpretes
912 1738 1031 1802 habere
1047 1738 1235 1820 possimus?

163 1844 304 1909 similes
328 1844 415 1910 euim
439 1848 517 1909 suut
540 1846 602 1921 dei,
627 1846 655 1909 si
674 1863 712 1908 ea
727 1845 822 1908 nobis
838 1845 996 1923 obiciunt,
1021 1864 1159 1925 quorum
1174 1864 1235 1912 neo

168 1953 352 2017 seientiam
383 1970 489 2032 neque
522 1953 766 2033 explanatorem
794 1952 983 2030 habeamus,
1014 1954 1183 2034 tamquam
1207 1957 1234 2017 si

169 2056 283 2124 Poeni
311 2063 368 2124 aut
390 2061 532 2141 Hispani
561 2061 596 2123 iu
626 2063 743 2124 senatu
774 2063 887 2124 nostro
921 2061 1135 2141 loquerentur
1164 2063 1233 2125 sine

172 2167 369 2250 interprete.
424 2166 495 2231 Iam
529 2186 604 2231 vero
642 2186 706 2248 quo
744 2168 912 2249 pertinent
950 2168 1168 2232 obscuritates
1202 2173 1304 2233 et132

180 2456 525 2525 quemadmodumque
548 2474 584 2510 ea
602 2500 608 2512 .
628 2501 633 2512 .
653 2456 672 2526 .]
695 2458 738 2510 Da
762 2474 795 2511 ea
813 2458 934 2526 maugier
952 2460 979 2510 et
996 2457 1043 2510 ord
1061 2460 1090 2511 et
1108 2458 1164 2511 vise
1181 2458 1235 2510 hen

181 2543 224 2612 pt,
247 2561 324 2613 syres
349 2545 394 2599 det
416 2547 535 2616 rimeligt
558 2544 588 2601 at
603 2547 731 2616 formode‚
755 2551 784 2600 at
802 2547 848 2600 der
866 2564 894 2601 er
912 2563 944 2601 en
962 2547 1010 2615 sejl
1028 2546 1093 2601 oller
1109 2547 1207 2601 lalxune
1225 2548 1235 2600 i

94 2648 97 2652 ’
182 2635 227 2688 det
250 2634 414 2704 foregtende.
455 2637 577 2707 Talem]
600 2655 636 2692 ec.
657 2640 837 2693 coniectorem
854 2638 919 2691 eller
936 2639 946 2691 i
964 2638 1010 2690 det
1027 2637 1087 2690 hele
1105 2638 1234 2692 divinum.

183 2725 494 2796 Qualis-deorum]
516 2744 590 2780 »men
608 2728 728 2782 hvordau
743 2745 771 2781 er
785 2728 831 2782 det
846 2729 966 2797 egeutlig
980 2727 1020 2781 fat
1033 2728 1095 2781 med
1104 2727 1235 2796 gudemes
1253 2707 1293 2818 ᾖ

186 2815 274 2868 ›sind‹
300 2815 369 2882 (som
393 2816 429 2869 du
452 2833 486 2885 og
508 2817 569 2871 dine
589 2819 708 2872 Stoilxere
731 2819 800 2872 taler
824 2835 875 2888 om,
901 2820 990 2887 iota),‹
1020 2834 1047 2874 o:
1070 2818 1102 2872 de
1120 2817 1164 2871 md
1182 2818 1237 2871 vist

183 2922 249 2959 vare
272 2905 313 2959 fra
335 2905 499 2960 forstauden.
540 2908 594 2960 Der
617 2925 645 2961 er
668 2909 799 2963 abenbert
816 2912 844 2964 et
861 2909 962 2977 ordspil
979 2911 990 2962 i
1007 2925 1090 2976 meno,
1114 2907 1236 2977 sigtende

183 2995 216 3064 pt
234 2995 266 3049 de
284 2996 331 3049 ord
349 2997 359 3049 i
377 2996 423 3050 det
444 2995 612 3065 foregdende:
639 3000 683 3052 dei
705 3017 770 3068 erpo
788 3000 913 3055 homiues
927 3007 1014 3055 mente
1032 3017 1088 3068 qua
1106 3001 1169 3054 aiut.
1206 2998 1235 3051 si

183 3088 513 3156 neque—possimus]
533 3108 567 3135 =
583 3089 609 3141 oi
625 3096 651 3142 et
669 3106 702 3143 ea
719 3091 799 3145 nobee
815 3091 1015 3156 maldram..
1036 3133 1051 3160 .,
1069 3106 1142 3159 qaae
1156 3075 1234 3158 (ring,

184 3179 274 3245 som).
295 3221 300 3232 .
320 3195 402 3232 ‚nou
424 3178 624 3247 intuitorum,
648 3186 675 3234 et
699 3195 741 3245 ea,
765 3196 879 3247 quorum
902 3184 1065 3249 interpreter
1087 3196 1145 3234 noa
1166 3195 1234 3247 poe-

182 3271 265 3321 u'muo
286 3269 395 3322 habere.
440 3256 639 3335 Bisretningens
663 3270 789 3337 negetion
813 3287 840 3324 er
864 3271 933 3324 sltet
957 3287 1076 3327 sammeu
1100 3269 1161 3325 med
1184 3269 1235 3322 den

184 3358 305 3426 styrende
324 3359 451 3427 saetuiugs
470 3366 497 3413 et
514 3357 618 3425 (Mdv
634 3359 652 3426 ξ
668 3358 721 3412 458
739 3377 755 3412 a
771 3377 841 3416 anm.
859 3361 884 3430 2,
901 3362 968 3414 hvor
986 3360 1039 3429 dog
1055 3376 1176 3428 gransen
1194 3358 1236 3412 for

184 3449 266 3503 denne
288 3448 375 3502 frihed
399 3465 428 3502 er
449 3449 566 3502 trulxken
583 3448 636 3503 lidt
653 3449 695 3503 for
713 3453 843 3520 snaevert).
888 3452 1019 3505 similes
1044 3450 1130 3504 enim
1155 3453 1235 3503 sunt

184 3540 232 3593 dei
255 3582 260 3593 .
280 3583 285 3593 .
305 3580 321 3606 .,
347 3542 517 3608 tamquam
541 3540 567 3592 si
592 3581 649 3596 ...
673 3540 906 3610 loquerentur]
930 3541 1025 3595 Mdv.¹
1047 3542 1064 3609 ᾖ
1087 3541 1139 3594 349
1164 3557 1234 3595 anm.

183 3631 261 3684 slutn.
280 3660 313 3670 -
330 3631 368 3684 At
391 3630 535 3684 fremmede
558 3630 708 3699 gesaudter‚
732 3629 779 3683 der
799 3631 867 3684 talte
888 3633 898 3685 i
920 3632 966 3685 det
983 3631 1128 3685 Romerslxe
1150 3633 1246 3699 senaa

182 3720 283 3790 plejede
301 3724 330 3774 at
347 3720 430 3789 bruge
448 3720 522 3774 detes
541 3721 710 3790 modersmtl,
733 3736 768 3789 og
789 3723 818 3774 at
836 3737 869 3774 eu
886 3722 945 3774 tollx
962 3722 1084 3791 bagefter
1102 3724 1235 3775 eversatte

182 3811 252 3865 talen
270 3811 305 3880 pt
322 3811 411 3879 Latin,
432 3810 507 3864 vides
525 3811 590 3879 ogsd
608 3811 819 3865 audeustedsfra.
858 3811 938 3866 Feret
959 3812 1022 3865 mod
1044 3811 1234 3880 republikkens

183 3902 302 3970 slutuing
327 3902 405 3955 horor
430 3902 465 3969 vi,
491 3904 520 3955 at
547 3918 578 3955 eu
604 3902 696 3956 Groesk
721 3902 836 3971 gesandt
862 3903 1076 3972 undtagelsesvis
1102 3902 1171 3955 taler
1197 3902 1235 3953 sit

183 3991 339 4045 modersmtl
362 3992 432 4045 uden
455 3995 484 4045 at
507 3993 589 4061 bruge
611 3993 670 4046 tollx
686 3993 765 4060 (Geli.
785 3988 830 4046 VI.
851 3993 891 4047 14.
909 3993 935 4061 9,
953 3993 1011 4048 Vel.
1029 3993 1097 4046 Max.
1116 3991 1153 4046 H.
1172 3991 1196 4045 2.
1215 3990 1232 4043 3

185 4084 230 4147 et'r.
250 4081 304 4136 cio.
326 4083 405 4138 Brut.
424 4083 465 4137 90.
485 4083 568 4152 312),
