2942 4625
552 373 620 429 LIB.
638 373 661 428 Ι.
679 374 720 428 25.
739 372 850 429 53-26.
869 372 910 428 55.
1216 361 1254 422 51

197 575 266 638 umi
289 574 434 656 primurn
455 574 582 653 fierent,
614 575 731 639 civitas
755 573 796 639 ad
820 592 911 638 anna
932 575 1068 656 repente
1097 576 1148 637 est
1170 574 1256 637 exci-
1348 619 1352 625 -

196 684 278 760 tata,
301 682 414 764 itaque
429 682 517 747 ludis
533 683 732 747 intermissis
747 682 961 746 instaurativi
976 682 1151 746 constituti
1167 683 1256 745 sunt.

199 789 263 868 Qui
287 793 364 854 unte
380 809 480 871 quam
494 790 622 869 fierent,
646 808 787 870 cumque
802 791 868 854 iam
884 789 1027 872 populus
1043 788 1256 867 consedisset,

198 917 311 963 seruus
343 916 402 980 per
430 899 565 976 circum,
596 916 672 963 curn
694 899 797 979 virgis
826 896 1028 975 caederetur,
1057 896 1184 961 furcam
1207 896 1256 961 fe-

197 1025 273 1070 rens
303 1005 423 1070 ductus
455 1010 515 1070 est.
572 1006 655 1071 Exin
686 1006 818 1070 cuidam
845 1006 970 1070 rustico
999 1005 1146 1069 Romano
1181 1005 1256 1069 dor·-

197 1113 315 1177 mienti
338 1113 429 1177 visus
453 1116 503 1177 est
525 1115 646 1193 venire,
671 1116 728 1196 qui
753 1114 885 1192 diceret,
909 1113 1094 1196 praesulem
1111 1113 1174 1177 sibi
1189 1132 1256 1177 non

197 1220 362 1303 placuisse
390 1220 490 1299 ludis,
517 1222 617 1303 idque
648 1223 688 1287 ab
718 1221 832 1286 eodem
860 1222 989 1285 iussum
1012 1239 1082 1285 esse
1106 1239 1182 1285 eurn
1205 1240 1255 1285 se-

197 1330 293 1393 natui
321 1329 490 1406 nuntiare;
520 1331 616 1394 illum
644 1349 712 1394 non
741 1348 812 1394 esse
843 1348 970 1394 ausum.
1025 1327 1151 1393 Iterum
1185 1347 1256 1394 esse

196 1658 258 1713 Han
280 1675 327 1712 var
348 1675 431 1729 yngre
455 1658 507 1732 end
526 1660 613 1714 Facu
629 1676 664 1728 eg
688 1659 782 1722 Gema
807 1658 895 1712 derfor
912 1674 1057 1727 proxume.
1097 1656 1186 1711 belle
1204 1657 1256 1711 La·

197 1749 278 1818 tino]
296 1749 359 1802 ikke
377 1748 437 1818 den,
455 1750 482 1802 vi
501 1749 647 1818 saedvanlig
664 1748 758 1803 kalder
772 1748 998 1817 Latincr-lrrigem
1017 1747 1068 1801 den
1085 1747 1134 1801 her
1151 1751 1256 1800 naevnte

197 1838 275 1893 haser
292 1840 453 1908 Tarquinius
472 1840 603 1894 Priscus‘s
625 1838 806 1909 regemngstid
823 1839 858 1892 til
876 1839 944 1907 (Liv.
962 1839 983 1893 Ι.
1002 1839 1058 1906 35);
1082 1836 1256 1906 albrydelsen

196 1947 244 1984 var
262 1947 294 1983 eu
311 1930 373 1999 krig
390 1930 450 1984 med
470 1930 616 1985 Sabineme
629 1931 698 1997 (Lis.
712 1930 733 1984 Ι.
748 1929 801 1996 36).
834 1930 883 1998 [Se
901 1927 1086 1998 tillaegget.]
1118 1928 1255 1997 primurn

197 2020 330 2089 fierent]
356 2020 453 2075 Seuere
477 2024 606 2090 genteges
624 2021 717 2089 legens
736 2021 809 2086 (ludi
827 2020 985 2075 Romanis.
1004 2019 1109 2087 muprrs)
1130 2017 1210 2072 hvert
1227 2018 1257 2072 ir

196 2108 230 2164 til
248 2126 297 2164 aere
315 2110 357 2165 for
374 2111 485 2181 Iupiter,
502 2111 570 2166 Iuno
589 2128 624 2180 og
640 2111 769 2166 Minerva.
805 2114 881 2165 aute
899 2126 991 2179 quam
1009 2108 1140 2177 fierent]
1165 2109 1256 2164 Ludis

195 2218 277 2255 marre
304 2202 375 2270 siger
396 2202 490 2257 Livius
513 2202 550 2259 Π.
568 2203 610 2270 36,
637 2201 704 2255 hvon
729 2201 784 2255 han
810 2200 937 2255 fortaeller
963 2216 1063 2254 samme
1087 2199 1256 2268 begivenhed

196 2292 258 2361 (ved
288 2292 318 2347 tr
347 2293 397 2348 491
429 2293 448 2350 f.
477 2292 548 2363 Kr.);
584 2292 764 2362 fortcellingen
799 2291 884 2347 findes
916 2292 966 2347 hes
998 2292 1060 2347 flere
1093 2291 1174 2346 andre
1206 2291 1255 2347 ior-

196 2383 300 2439 fattere.
321 2415 353 2424 -
373 2384 424 2439 Om
446 2384 643 2454 kcnjunlrtivcn
666 2400 695 2437 se
712 2383 807 2439 Μόν.8
824 2385 842 2453 ξ
859 2384 919 2451 315,
941 2384 1094 2438 nastsidste
1112 2384 1255 2454 punktum.

196 2474 464 2529 servus-ductus
483 2476 543 2544 est]
562 2475 600 2528 At
618 2475 664 2529 det
682 2474 757 2528 skcte
775 2475 786 2528 i
802 2491 913 2543 mauges
931 2473 1016 2544 pasyn
1033 2492 1081 2528 var
1093 2475 1255 2544 naturligvis

196 2581 229 2619 en
254 2565 395 2635 slroerpelse
418 2565 449 2620 af
468 2566 578 2620 straffen
602 2582 637 2635 og
658 2568 701 2620 vel
724 2564 789 2634 ogst
810 2565 844 2618 til
867 2565 1018 2633 forlystelse
1041 2565 1082 2619 for
1103 2565 1253 2634 publikum.

198 2654 294 2709 Slaven
316 2656 378 2710 bles
400 2655 522 2725 bagefter
545 2656 631 2710 draebt
648 2657 730 2723 (Plut.
750 2655 779 2710 C.
803 2655 921 2710 Marcius
939 2655 981 2724 24,
1004 2656 1102 2712 Arnob.
1121 2656 1181 2710 VH.
1200 2657 1253 2726 36).

197 2762 265 2799 cum
284 2747 389 2816 virgis
407 2745 611 2814 caederetur]
629 2747 724 2801 Denne
742 2746 934 2815 udtrpksmtde
956 2749 1083 2800 erstatter
1100 2745 1147 2800 det
1164 2763 1254 2817 mang-

195 2835 274 2890 lende
288 2853 364 2905 praes.
379 2839 446 2904 part.
462 2852 533 2905 pass.
547 2829 787 2911 (μαστιγούμενον,
805 2837 915 2907 Dionys.
926 2837 987 2892 Hal.
997 2836 1056 2890 VII.
1075 2837 1132 2905 69);
1150 2837 1252 2907 Livius,

196 2927 254 2981 Vel.
273 2927 414 2997 Maximus,
435 2927 596 2997 Macrobius,
619 2928 753 2982 Arnobius
772 2944 806 2997 og
823 2927 982 2982 Lactantius
1003 2927 1115 2996 hjalper
1132 2927 1174 2996 sig
1191 2928 1253 2982 med

158 3018 161 3021 ’
195 3017 261 3087 perf.
284 3021 354 3086 part.
395 3017 433 3073 Jf.
456 3017 669 3087 Nagelsb.Lat.
692 3019 749 3074 εΗ
772 3035 796 3087 p.
820 3018 921 3073 383st
966 3016 1093 3071 cuidam
1116 3019 1252 3088 rustico]

195 3108 288 3162 Livius
306 3124 413 3163 narner
430 3108 498 3162 hans
516 3125 595 3177 narn,
613 3109 643 3163 T.
654 3109 792 3174 Latinius,
810 3108 859 3163 hos
877 3107 959 3162 andre
976 3108 1091 3162 variems
1105 3108 1151 3162 det
1163 3113 1253 3179 neget.

195 3200 321 3268 venire,
358 3199 412 3268 qui
449 3198 585 3267 diceret]
621 3199 655 3252 Vi
690 3199 769 3254 heren
807 3198 1023 3267 andenstedsfra,
1062 3203 1092 3253 at
1126 3200 1172 3254 det
1206 3218 1254 3255 var

195 3289 313 3359 Iupiter,
353 3289 383 3343 st
417 3291 447 3343 at
482 3288 578 3343 ordene
612 3289 675 3343 ikke
711 3306 790 3359 synes
825 3294 854 3345 at
888 3289 985 3359 betysle
1023 3294 1070 3343 »en
1105 3292 1144 3358 (et
1178 3290 1253 3360 bud),

196 3396 253 3433 som
281 3379 376 3433 skulde
404 3380 490 3448 sige«,
517 3396 578 3434 men
607 3384 667 3446 sen,
695 3396 752 3433 som
780 3380 891 3449 sagde‹;
918 3381 996 3434 ellers
1023 3380 1085 3433 blev
1111 3379 1176 3448 ogsa
1200 3383 1255 3435 siti

196 3486 231 3540 og
266 3471 342 3539 (eim)
377 3487 456 3525 saum
492 3469 653 3540 unejagtigt.
704 3471 982 3539 praesulem...
1010 3469 1112 3538 ludis]
1140 3470 1195 3524 Det
1225 3487 1253 3525 er

196 3563 305 3630 ssgtens
324 3556 455 3617 (laelius's
474 3560 529 3629 ord,
552 3560 644 3615 Cicero
662 3562 803 3630 gengiver;
825 3561 907 3630 derpt
927 3562 1006 3631 tyder
1027 3560 1154 3630 ligheden
1176 3561 1253 3616 iord

195 3651 245 3704 hos
263 3650 357 3705 Livius
376 3668 410 3720 og
427 3651 487 3706 Vel.
504 3650 636 3706 Maximus
655 3651 688 3720 (Ι.
706 3652 730 3707 7.
747 3652 784 3722 4).
812 3653 904 3707 Ludis
920 3667 949 3705 er
966 3652 1009 3705 vel
1027 3655 1132 3706 suarest
1149 3653 1253 3708 ablatis

195 3740 276 3809 (efter
292 3741 386 3796 Mdu.⁸
402 3742 420 3810 ἕ
437 3742 490 3797 238
507 3758 576 3796 anm.
595 3743 636 3811 1);
656 3742 689 3812 jf.
707 3743 782 3797 Lact.
800 3746 864 3798 inst.
883 3742 919 3796 Π.
938 3742 967 3797 7;
991 3742 1064 3796 ludos
1086 3744 1253 3798 circensibus

192 3833 332 3900 prcaimis
358 3835 562 3901 praesultorem
593 3835 646 3888 sibi
678 3834 859 3903 disptieursse.
912 3834 1038 3888 iussum
1070 3849 1142 3887 esse
1169 3833 1249 3905 eum]

194 3922 289 3976 Daune
307 3939 342 3992 og
359 3922 392 3978 de
413 3922 537 3992 folgende
556 3924 700 3993 ssetninger
715 3924 770 3977 lran
787 3924 850 3978 ilrlre
867 3941 934 3978 vare
952 3922 1057 3993 styrede
1076 3924 1106 3976 af
1119 3925 1194 3978 visus
1212 3932 1253 3980 est

195 4012 261 4067 eller
277 4017 306 4067 et
323 4013 411 4067 derina
428 4013 625 4068 underforsttet
645 4014 714 4068 »hau
731 4014 859 4070 dremtec
891 4015 1027 4085 Styrelsen
1044 4013 1089 4067 ma
1105 4030 1172 4068 vare
1187 4015 1251 4069 slut

195 4103 374 4173 ningsordene
391 4107 539 4159 memoriae
551 4106 696 4174 proditum
714 4112 754 4160 est
772 4105 836 4159 eller
853 4105 888 4159 da
906 4121 1006 4159 semme
1023 4104 1117 4170 tanke3
1136 4122 1168 4159 en
1183 4105 1251 4175 ligu-

1059 4195 1094 4248 4*
