2942 4625
513 387 583 442 LIB.
601 387 639 443 Π.
658 389 698 442 13.
717 388 829 442 32-14.
847 388 888 443 34.
1167 375 1228 434 137

173 589 270 666 gunt3
301 607 378 652 nam
409 591 442 652 et
471 587 696 652 musculorum
726 587 896 651 iecuscula
926 586 1042 650 bruma
1073 586 1230 650 dicuntur

173 696 295 774 augeri,
327 698 360 759 et
390 694 539 777 puleium
561 694 690 758 aridum
712 693 883 758 florescere
906 684 1048 757 brumali
1070 695 1142 776 ipso
1167 694 1229 771 die,

173 804 207 865 et
234 802 367 867 inflatas
395 803 505 885 rumpi
534 802 706 879 vesiculas,
738 803 771 864 et
798 802 924 865 semina
945 802 1116 879 malorum,
1148 820 1230 882 quae

173 910 208 972 in
236 911 278 973 iis
307 910 425 974 mediis
452 911 582 974 inclusa
605 910 681 986 sint,
709 909 745 971 in
769 909 950 973 contrarias
973 911 1077 992 partis
1101 929 1135 973 se
1158 928 1232 974 ver·

173 1020 252 1094 tere,
283 1019 349 1081 iam
377 1037 494 1082 nervos
524 1019 559 1081 in
586 1016 707 1081 fidibus
738 1015 812 1081 aliis
835 1017 940 1098 pulsis
964 1036 1115 1081 resonare
1139 1018 1230 1097 alios,

176 1126 359 1205 ostreisque
390 1128 423 1189 et
453 1125 634 1207 conchyliis
662 1124 815 1187 omnibus
849 1124 1050 1205 contingere,
1084 1127 1122 1188 nt
1156 1143 1231 1189 cum

173 1231 254 1295 luna
276 1233 401 1313 pariter
423 1234 572 1297 crescant
595 1232 782 1314 pariterque
806 1231 1007 1310 decrescant,
1035 1233 1230 1314 arboresque

174 1340 212 1402 ut
241 1339 375 1403 hiemali
404 1343 550 1422 tempore
581 1358 656 1404 cum
684 1340 765 1403 luna
795 1341 894 1403 simul
921 1343 1122 1418 senescente,
1154 1342 1231 1421 quia

174 1450 247 1510 tum
277 1449 458 1512 exsiccatae
481 1447 558 1525 sint,
588 1449 785 1529 tempestive
809 1448 905 1512 caedi*
924 1451 1094 1529 putentur.
1144 1447 1231 1526 Quid
1248 1441 1285 1495 34

176 1553 215 1618 de
238 1554 333 1619 fretis
357 1558 414 1619 aut
437 1556 476 1619 de
499 1557 636 1619 marinis
660 1556 807 1620 aestibus
828 1556 923 1637 plura
942 1556 1069 1620 dicam?
1094 1575 1232 1638 quorum

176 1679 328 1727 accessus
352 1666 385 1727 et
408 1682 556 1728 recessus
579 1664 677 1727 lunae
692 1666 785 1726 motu
801 1664 1036 1742 gubernantur.
1076 1662 1232 1728 Sescenta

175 1770 255 1833 licet
282 1770 430 1834 eiusdem
458 1771 548 1835 modi
575 1770 724 1853 proferri,
752 1773 791 1834 ut
819 1769 1016 1834 distantium
1045 1790 1155 1835 rerum
1177 1790 1232 1836 co-

177 2118 243 2172 eller
261 2136 332 2188 gere,
347 2119 379 2187 jf.
397 2123 497 2174 eiiam
515 2121 567 2188 (44.
586 2120 621 2175 93
638 2136 673 2188 og
690 2121 730 2174 63.
751 2120 820 2189 129).
847 2120 1231 2189 musculorum-augeri]

176 2209 212 2263 Jf.
232 2209 515 2280 renuente,
535 2210 727 2275 Gell.XX.8;
747 2211 849 2265 Aelb.
870 2210 1089 2265 alliodofl.
1109 2214 1143 2265 st.
1183 2227 1233 2279 pu-

177 2299 383 2371 leium—die]
408 2302 443 2357 Jf.
463 2302 574 2356 Aristot.
599 2293 731 2376 προβλήμ.
750 2301 790 2357 20.
810 2302 852 2369 21,
870 2300 939 2356 Plin.
959 2303 984 2357 b.
1004 2320 1032 2355 a.
1050 2300 1086 2357 11.
1103 2302 1137 2356 41
1157 2300 1234 2369 (hvon

176 2391 241 2460 ogsd
262 2392 438 2462 beretningen
460 2410 503 2447 om
522 2393 704 2461 frokapslerne
721 2392 818 2460 findes)
837 2409 871 2461 og
888 2392 987 2447 XVIII.
1006 2392 1046 2447 60.
1088 2392 1233 2446 inflatas

178 2483 286 2551 rumpi
308 2483 490 2552 vesiculas]
515 2500 542 2537 se
560 2483 655 2538 Mdv
671 2483 689 2551 ξ
707 2483 758 2537 354
776 2483 801 2538 d.
842 2483 876 2536 in
898 2483 943 2536 iis
966 2483 1098 2551 mediis]
1118 2482 1233 2536 Relativ·

179 2573 327 2641 soetningen
353 2573 508 2627 tremhaever
534 2573 597 2642 kun,
627 2576 655 2627 at
682 2574 728 2627 der
755 2573 924 2642 selvfelgelig
949 2589 1040 2627 menes
1067 2573 1235 2627 aeblelrremer

178 2661 298 2715 indeni
325 2662 444 2718 aebleme.
490 2665 553 2718 iam
580 2665 790 2732 nervos...]
818 2663 891 2733 Ogsd
917 2664 991 2717 detto
1018 2665 1080 2717 sker
1102 2663 1137 2732 pd
1162 2663 1233 2717 diets

179 2750 298 2805 kerteste
316 2753 376 2822 dag,
391 2754 423 2822 jf.
443 2753 511 2810 Gell.
529 2755 577 2809 IX.
595 2755 619 2808 7.
647 2756 840 2823 ostreisque
859 2798 865 2809 .
884 2796 890 2809 .
911 2755 927 2822 .]
948 2754 982 2808 Se
1000 2754 1017 2808 f.
1037 2771 1059 2808 a.
1077 2754 1148 2808 Plin.
1166 2755 1191 2809 b.
1207 2770 1235 2822 a·

179 2840 215 2896 II.
237 2843 280 2911 41,
305 2841 372 2897 Gell.
391 2844 448 2898 XX.
466 2844 496 2908 8,
521 2844 579 2898 Ael.
601 2848 626 2900 b.
651 2864 676 2899 a.
695 2846 741 2899 IX.
760 2845 777 2897 6
801 2846 877 2913 (hvon
900 2844 1046 2898 Schneider
1066 2845 1179 2914 oplyser,
1207 2848 1235 2897 at
1464 2895 1465 2900 ,

180 2933 305 2987 modeme
328 2934 419 3003 forsog
439 2934 502 2988 ikke
520 2935 570 2988 har
586 2935 727 2989 bekrseftet
744 2935 926 3004 posnnden>;·
941 2943 967 2991 et
988 2935 1064 2988 foran
1088 2936 1237 3004 concaede
1464 2987 1465 2992 ,

180 3023 292 3093 betyder
311 3041 361 3093 »og
378 3025 568 3080 overhovedet‹
589 3027 700 3095 ligesom
719 3025 740 3080 Ι.
760 3027 826 3082 1.1.
862 3025 1067 3093 arboresque
1086 3025 1131 3092 nt]
1152 3028 1236 3093 styret
1463 3005 1465 3088 J

180 3116 211 3169 af
231 3119 270 3183 (et
293 3115 501 3183 underforstdetl
526 3120 686 3186 concepere.
729 3116 779 3171 Om
804 3132 886 3184 sagon
905 3116 960 3169 selv
979 3131 1007 3168 se
1025 3116 1127 3170 Colum.
1147 3115 1193 3170 XI.
1211 3115 1236 3183 2,
1463 3167 1465 3196 a

182 3206 251 3261 Plin.
270 3208 295 3261 b.
314 3225 341 3261 a.
360 3207 431 3261 XVI.
450 3207 492 3275 74,
510 3207 590 3261 Macr.
611 3208 670 3262 Sat.
688 3207 748 3260 VII.
769 3206 801 3261 17
819 3223 842 3261 o.
860 3206 886 3260 fl.
906 3209 939 3261 st.
1463 3203 1465 3288 l

182 3296 219 3350 de
241 3295 354 3368 fretis]
379 3297 489 3351 Medens
508 3297 638 3351 Romame
661 3297 717 3351 kun
734 3297 834 3351 hender
852 3297 905 3350 flod
923 3313 958 3365 og
975 3297 1042 3351 ebbe
1059 3297 1100 3350 fra
1118 3294 1237 3350 verdens—
1256 3299 1283 3339 34
1463 3295 1465 3362 l

182 3388 264 3443 havet
282 3390 397 3457 (marini
414 3389 526 3456 ccccm),
544 3387 656 3441 emtales
675 3404 708 3441 en
725 3388 851 3456 lignende
869 3387 1075 3456 ejendommelig
1092 3386 1237 3454 bevregelse

182 3481 192 3534 i
210 3480 281 3533 visse
300 3479 394 3533 smalle
411 3478 538 3532 farvande
556 3478 586 3532 af
599 3478 791 3547 middelhavet‚
813 3478 902 3547 saerlig
919 3479 929 3531 i
946 3476 1182 3532 Messinastrredet
1204 3493 1239 3545 og

185 3570 314 3638 Enrip0s;
342 3586 369 3623 se
391 3588 418 3624 a.
441 3571 467 3624 d.
491 3568 862 3637 11.7.1eogm.1o.24.
907 3569 958 3623 Om
986 3569 1031 3622 det
1057 3568 1142 3622 sidste
1168 3568 1239 3636 sigen

184 3661 348 3730 Pomponius
361 3660 433 3714 Mela
450 3660 548 3728 (11.7):
567 3661 698 3728 Ereripoa
714 3668 824 3727 vocant,
842 3661 974 3728 rapidum
991 3676 1068 3713 mare
1086 3666 1112 3712 ei
1130 3661 1238 3713 citano

188 3769 279 3821 cursu,
301 3753 401 3821 replica
426 3753 470 3806 dic
489 3768 523 3805 ac
539 3754 640 3819 septica
656 3759 735 3805 nocte
753 3752 883 3818 fluctibus
899 3752 930 3804 ia
946 3752 1030 3804 vicem
1047 3752 1141 3816 cerate,
1167 3749 1238 3802 adeo

185 3844 329 3898 immodice
353 3845 450 3910 fluens,
477 3849 509 3895 ut
533 3850 627 3896 centos
655 3844 737 3895 ctiam
765 3857 799 3895 ac
820 3842 909 3909 plena
931 3844 1018 3896 oenoe
1039 3841 1154 3909 occipio
1178 3841 1237 3905 fra·

184 3941 300 3997 abelam
321 3933 352 4002 jf.
376 3933 430 4001 dog
446 3931 503 3987 Liv.
521 3932 645 3986 XXVHI.
664 3933 687 3986 6.
708 3934 748 3987 10.
791 3931 864 4000 Ogsd
880 3933 890 3984 i
908 3931 1122 3985 Adriaterhavet
1138 3929 1239 3982 kendes

185 4026 237 4080 den
255 4024 389 4093 (Strabv
406 4040 432 4091 p.
441 4023 493 4077 212
505 4026 579 4093 Coc.)
601 4024 707 4092 plura]
728 4022 915 4092 »ydcrligere‹,
933 4022 1000 4075 efter
1018 4025 1047 4075 at
1064 4020 1132 4074 have
1150 4023 1239 4073 naevnt

187 4117 217 4171 sb
234 4132 330 4184 mange
348 4115 430 4170 andre
447 4116 514 4185 ting.
550 4115 681 4183 fissum]
701 4131 728 4168 se
747 4117 828 4168 notan
846 4112 867 4168 Ι.
887 4114 927 4167 lo.
946 4113 987 4167 16.
