2942 4625
553 377 621 431 ma
639 376 660 431 1.
678 336 720 430 ie.
739 374 848 428 ass-44.
868 375 925 428 roo.
1059 409 1060 413 κ
1225 360 1266 419 83

171 562 173 565 ¹
210 579 367 642 defluxit?
392 577 495 658 quid?
516 595 590 640 cum
606 576 641 638 in
657 574 820 657 Capitolio
837 575 925 637 ictus
943 571 1126 645 Centaurus
1143 590 1160 635 e
1177 573 1267 635 caelo

209 690 269 763 est,
301 688 337 750 in
360 686 523 749 Aventino
551 687 664 766 portae
688 687 720 746 et
744 683 902 758 homines,
927 681 1063 745 Tusculi
1086 680 1182 744 aedes
1206 679 1266 744 Oa-

210 795 308 859 storis
338 797 371 858 et
399 792 546 857 Pollucis
568 792 756 872 Romaeque
779 789 934 853 Pietatis:
967 808 1076 852 nonne
1108 792 1140 852 et
1166 789 1267 852 baru-

163 936 165 939 ·
210 903 317 985 spices
341 920 378 965 ea
400 899 652 982 responderunt,
677 917 760 980 quae
789 902 977 973 evenerunt,
1008 899 1098 960 etin
1122 896 1267 980 Sibyllae

209 1010 303 1074 libris
327 1009 460 1073 eaedem
482 1011 630 1090 repertae
653 988 896 1088 praedictiones
916 1008 1017 1069 sunt?
1051 1003 1211 1071 Caeciliae
1230 972 1330 1108 Q&

209 1118 296 1181 filiae
321 1117 446 1181 somnio
469 1115 564 1178 modo
578 1115 718 1178 Marsico
742 1114 828 1177 bello
852 1113 1013 1195 templum
1037 1116 1087 1177 est
1110 1132 1129 1177 a
1151 1116 1267 1177 senatu

208 1225 330 1288 Iunoni
365 1224 515 1306 Sospitae
548 1224 752 1286 restitutum.
809 1221 902 1299 Quod
937 1220 1069 1302 quidem
1104 1223 1268 1285 somnium
1321 1243 1322 1246 ¹

211 1332 351 1397 Sisenna
378 1350 453 1395 cum
483 1330 720 1412 disputavisset
750 1329 887 1393 mirifice
912 1329 1110 1393 adverbum
1135 1348 1210 1393 oum
1233 1348 1267 1392 re

210 1442 412 1516 convenisse,
443 1443 515 1502 tum
546 1440 737 1514 insolenter,
769 1438 864 1501 credo
895 1437 934 1501 ab
965 1438 1126 1519 Epicureo
1158 1438 1268 1518 aliquo

209 1547 377 1624 inductus,
407 1547 566 1629 disputat,
595 1548 730 1610 somniis
760 1546 848 1610 credi
871 1566 937 1609 non
961 1548 1120 1628 oportere.
1176 1545 1269 1608 Idem

210 1658 325 1719 eontra
359 1658 489 1719 ostenta
523 1655 606 1718 nihil
642 1654 792 1736 disputat
826 1655 1034 1736 exponitque,
1065 1653 1161 1717 initio
1189 1653 1268 1716 belli

209 1764 344 1827 Marsici
378 1765 411 1826 et
445 1762 578 1826 deorum
614 1763 790 1826 simulacra
825 1761 1004 1838 sudavisse,
1041 1765 1074 1824 et
1108 1762 1268 1841 sanguine

94 1856 97 1863 ’
210 1872 347 1952 pluisse,
381 1873 414 1933 et
448 1869 638 1933 discessisse
673 1872 810 1947 caelum,
846 1872 879 1934 et
910 1888 947 1933 ex
976 1870 1105 1933 occulto
1137 1867 1267 1934 auditas

211 1995 282 2040 esse
310 1995 414 2054 voees,
444 1995 526 2057 quae
556 1978 702 2059 pericula
731 1978 812 2041 belli
838 1978 1041 2053 nuntiarent,
1072 1979 1107 2040 et
1127 1976 1267 2039 Lanuvii

211 2085 344 2166 clipeos,
370 2084 455 2166 quod
479 2085 711 2166 haruspicibus
733 2086 975 2148 tristissumum
997 2085 1105 2148 visum
1129 2086 1225 2162 esset,
1249 2103 1268 2146 a

210 2192 360 2256 muribus
391 2211 461 2257 esse
490 2192 631 2257 derosos.
681 2191 778 2270 Quid,
803 2193 888 2273 quod
911 2195 946 2256 in
970 2191 1144 2256 annalibus
1167 2191 1338 2254 habe-100

179 2323 184 2331 ·
210 2321 294 2380 mus,
318 2300 450 2365 Veienti
472 2301 569 2379 bello,
598 2320 672 2365 cum
694 2300 787 2364 lacus
810 2300 958 2366 Albanus
982 2299 1269 2384 praetermodum

211 2411 378 2486 crevisset,
401 2409 575 2473 Veientem
602 2410 766 2490 quendam
789 2409 830 2473 ad
854 2429 913 2473 nos
937 2411 1103 2473 hominem
1125 2410 1269 2472 nobilem

103 2519 105 2524 “
211 2517 405 2598 perfugisse,
427 2535 566 2597 eumque
584 2517 703 2582 dixisse
720 2537 759 2581 ex
773 2518 862 2595 fatis,
879 2536 961 2598 quae
973 2518 1129 2581 Veientes
1146 2519 1270 2599 scripta

210 2703 423 2728 .-,-.-,.
739 2709 841 2714 m..
850 2709 1227 2715 fflffffi—m*
1248 2711 1264 2715 -

213 2826 387 2881 Caeciliae
407 2870 412 2879 .
432 2869 438 2880 .
458 2870 463 2880 .
482 2827 606 2880 Iunoni
632 2827 804 2895 Sospitae]
831 2844 858 2880 se
882 2830 993 2881 noterne
1015 2826 1040 2880 2.
1062 2826 1086 2881 4.
1128 2827 1267 2897 somnio]
1286 2819 1321 2870 44

214 2918 237 2970 »r
256 2916 374 2970 hennam
392 2918 426 2970 ur
440 2917 485 2985 (pa
498 2916 685 2986 foranledning
699 2917 754 2984 aa.
767 2961 771 2970 .
784 2939 819 2981 .«;
836 2917 868 2986 jf.
885 2918 1009 2972 macca
1023 2919 1122 2972 tuom
1130 2917 1165 2972 11.
1176 2918 1216 2972 aa.
1226 2919 1267 2972 rr.
1289 2888 1314 2927 ⁹⁹

211 3007 319 3077 modo]
347 3007 411 3061 Just
436 3007 498 3061 ikke
523 3007 552 3061 sd
575 3011 665 3077 meget
688 3008 777 3077 nylig:
805 3008 856 3062 den
881 3008 1012 3061 Marsiske
1037 3008 1097 3077 krig
1121 3008 1269 3076 (forbunds

211 3098 386 3167 faellekrigen)
405 3098 432 3151 lt
450 3115 512 3151 over
529 3099 563 3152 40
581 3098 610 3151 dr
627 3098 729 3167 tilbage
748 3100 758 3151 i
776 3098 858 3153 tiden.
900 3097 937 3153 Jf.
956 3117 1046 3167 cuper
1063 3098 1105 3153 39.
1124 3100 1170 3163 86ς
1189 3102 1269 3154 modo

211 3205 255 3241 om
273 3205 305 3241 en
324 3188 412 3242 err'dnu
430 3188 550 3256 fjaeruere
568 3188 609 3241 tid
628 3190 661 3243 de
679 3191 724 3256 off.
743 3189 778 3243 11.
798 3191 838 3243 21.
858 3190 899 3244 75.
929 3189 1106 3258 (Hottinger's
1125 3190 1269 3258 opfattelse

211 3279 241 3332 af
265 3280 345 3332 rrrcdc
374 3296 430 3331 scm
460 3279 564 3332 valens«
594 3295 622 3331 er
647 3280 709 3333 ikke
735 3280 897 3350 tiltalende.)
949 3281 1104 3349 Sisenna]
1133 3298 1161 3335 se
1187 3285 1269 3334 neten

211 3370 251 3424 33.
271 3370 318 3434 72;
337 3369 390 3423 han
409 3369 521 3422 cmtales
540 3369 593 3422 lidt
610 3387 735 3424 naerruere
754 3372 788 3425 dc
806 3372 854 3440 leq.
873 3371 893 3425 Ι.
912 3371 937 3426 2.
955 3371 979 3424 7.
1020 3387 1092 3423 cum
1116 3371 1268 3439 disputa·

95 3456 99 3467 '
211 3461 323 3514 visset
343 3504 348 3513 .
368 3504 374 3514 .
394 3502 408 3527 .,
432 3463 526 3513 tum.
546 3503 552 3513 .
572 3503 577 3513 .
597 3459 769 3531 disputat]
797 3478 830 3515 en
855 3461 964 3530 sjaelden
987 3460 1086 3514 skiften
1111 3460 1141 3515 af
1155 3462 1268 3518 tiderne.

210 3550 307 3619 Ligesd
328 3552 406 3605 Tuae.
425 3551 458 3605 V.
477 3551 517 3604 39.
539 3551 595 3604 115.
641 3551 846 3621 insolenter]
868 3552 936 3605 »nuk
954 3551 984 3605 sd
1002 3552 1155 3621 overlegent
1173 3553 1267 3621 (flotp.

210 3639 392 3714 Epicureo]
413 3640 464 3695 Om
479 3640 606 3709 Epikur's
625 3642 792 3710 standpunkt
810 3642 912 3695 overfor
930 3641 1114 3696 divinationem
1129 3660 1156 3697 se
1174 3644 1214 3698 39.
1226 3645 1267 3701 87.

211 3732 316 3785 initio
340 3732 427 3786 belli
451 3731 499 3801 Μ.]
524 3731 558 3785 Π.
578 3730 618 3784 27.
638 3732 671 3784 59
696 3733 767 3800 sigor
785 3732 877 3787 Cicero
904 3741 968 3788 aute
989 3734 1029 3787 Μ.
1049 3736 1154 3788 bellum.
1201 3753 1268 3788 san-

210 3822 312 3891 guine
335 3822 479 3891 pluisse]
507 3839 535 3875 se
559 3822 636 3890 udgs
658 3823 713 3876 afh.
739 3823 748 3875 i
771 3823 835 3878 filol.
860 3824 978 3893 tidsskr,
1002 3824 1064 3893 3dje
1085 3842 1106 3881 r.
1130 3824 1158 3878 Π
1181 3842 1205 3893 p.
1225 3825 1267 3880 29.

211 3913 352 3983 clipeos]
377 3913 432 3966 Det
454 3930 502 3966 var
524 3913 686 3981 selvskjolde
705 3914 786 3981 (Plin.
804 3916 831 3971 b.
848 3932 875 3969 a.
895 3914 969 3969 VHI.
988 3915 1046 3983 82);
1069 3932 1129 3968 men
1152 3915 1198 3969 det
1221 3933 1268 3970 var

210 4002 263 4073 dog
280 4005 323 4058 vel
341 4004 403 4058 ikke
422 4004 508 4057 salvet
526 4003 590 4072 selv,
609 4020 665 4057 som
684 4021 793 4058 musone
811 4005 930 4074 gnavede
948 4006 965 4058 i.

210 4094 306 4148 lacus
324 4094 490 4164 Albanus]
511 4095 579 4148 Seen
603 4094 652 4148 har
669 4096 740 4149 iutet
758 4096 860 4165 synligt
877 4095 1010 4164 naturligt
1028 4096 1110 4160 aflob,
1135 4113 1196 4149 men
1215 4097 1265 4149 ved
1286 4121 1324 4161 100

1074 4187 1105 4240 61
