2942 4625
234 329 273 390 16
527 342 659 400 CICERO
679 345 729 400 DE
748 344 994 401 DIVINATIONE

186 527 236 604 ‘'1''
295 542 555 627 Mollipedesque
578 547 677 611 boves
701 550 891 629 spectantes
914 546 1038 611 lumina
1061 548 1144 612 eaeli

297 652 432 717 naribus
455 654 632 718 umiferum
656 654 775 720 duxere
800 674 838 720 eu
860 659 934 719 aere
958 673 1084 721 aueum.

234 760 308 824 Non
331 780 461 842 quaero,
486 781 554 841 eur,
579 764 744 844 quoniam,
769 763 848 845 quid
873 763 1012 841 eveniat,
1036 765 1204 846 intellego.

297 868 368 933 Iam
391 889 467 935 vero
490 888 619 953 semper
641 867 757 936 viridis
781 890 974 955 semperque
998 877 1133 953 gravata

31 1067 35 1072 ,
298 978 459 1044 lentiseus
482 971 607 1061 triplici
631 981 729 1045 solita
752 980 967 1061 grandeseere
990 980 1062 1046 fetu

131 1114 173 1288 ί,
298 1091 350 1151 ter
371 1087 484 1169 fruges
506 1088 649 1154 fundens
672 1091 738 1154 tria
760 1091 910 1172 tempora
932 1091 1095 1153 monstrat
1118 1088 1243 1153 arandi.

185 1196 217 1249 16
234 1194 283 1258 Ne
306 1195 360 1293 ΙΨ
384 1196 516 1278 quidem
539 1217 670 1279 quaero,
700 1215 759 1261 eur
781 1198 862 1262 haee
885 1198 981 1262 arbor
1004 1217 1071 1262 una
1093 1200 1144 1262 ter
1165 1197 1289 1273 floreat,

164 1292 172 1299 ι

235 1308 293 1368 aut
321 1322 380 1368 eur
407 1305 523 1370 arandi
552 1308 780 1370 maturitatem
810 1306 851 1370 ad
880 1306 1012 1386 signum
1039 1305 1129 1370 floris
1164 1323 1291 1370 aeeom·

234 1412 359 1488 modet3
382 1414 444 1477 hoe
467 1433 541 1478 sum
564 1417 752 1492 eontentua‚
777 1413 878 1495 quod,
899 1415 1040 1492 etiamsi,
1066 1431 1125 1478 eur
1148 1413 1292 1495 quidque

235 1519 303 1597 fiat,
327 1522 485 1601 ignorem,
510 1521 589 1604 quid
612 1522 680 1600 fiat,
703 1522 873 1603 intellego.
914 1521 978 1586 Pro
1003 1524 1092 1586 omni
1115 1524 1220 1604 igitur
1243 1521 1293 1585 di-

235 1628 402 1693 vinatione
425 1629 522 1707 idem,
547 1629 635 1711 quod
657 1650 716 1712 pro
740 1631 838 1695 rebus
855 1630 908 1709 iis,
932 1650 1014 1712 quas
1033 1631 1294 1706 commemoravi,

178 1731 217 1789 10
235 1737 449 1820 respondebo.
506 1738 593 1817 Quid
623 1757 849 1804 scammoneae
879 1739 972 1804 radix
1001 1739 1043 1803 ad
1073 1738 1292 1822 purgandum,

236 1845 316 1928 quid
339 1847 549 1911 aristolochia
572 1846 614 1910 ad
635 1866 765 1912 morsus
784 1849 988 1930 serpentium
1006 1849 1122 1929 possit,
1147 1885 1187 1894 -
1211 1865 1293 1929 quae

235 1973 355 2019 nomen
385 1974 422 2019 ex
450 1957 620 2021 inventore
650 1956 807 2038 repperit,
841 1974 911 2019 rem
939 1957 1046 2037 ipsam
1074 1956 1228 2020 inuentor
1258 1973 1296 2019 ex

237 2065 362 2128 somnio
394 2100 429 2109 —
462 2063 566 2141 video,
602 2065 689 2145 quod
724 2066 806 2129 satis
841 2068 906 2138 est3
941 2083 999 2128 eur
1027 2066 1142 2146 possit,
1173 2065 1295 2129 neseio.

237 2169 291 2235 Sie
320 2173 493 2235 ventorum
524 2174 557 2235 et
584 2173 741 2237 imbrium
772 2174 878 2253 signa,
910 2191 993 2253 quae
1024 2172 1099 2250 dixi,
1133 2174 1295 2237 rationem

237 2298 336 2361 quam
364 2278 517 2358 habeant,
552 2298 617 2344 non
649 2281 731 2345 satis
762 2281 941 2363 perspicio;
976 2281 1043 2345 vim
1073 2283 1106 2346 et
1140 2283 1294 2345 eventum

237 2405 389 2469 agnoseo,
413 2388 490 2466 seio,
514 2388 669 2471 adprobo.
709 2388 878 2466 Similiter,
903 2390 981 2472 quid
1005 2391 1120 2455 fissum
1142 2392 1179 2455 in
1202 2390 1295 2466 extis,

239 2794 311 2841 tura.
339 2786 449 2856 sollte]
473 2786 562 2841 Sidete
581 2787 697 2842 stavelse
714 2787 855 2857 furlanget
872 2787 882 2841 i
900 2787 967 2842 arsis
985 2787 1061 2840 sorau
1079 2785 1126 2841 det
1139 2789 1222 2840 naeste
1235 2785 1296 2839 orde

237 2880 266 2929 to
284 2876 465 2930 konsonanter
483 2877 587 2945 (Mdv.⁸
603 2878 621 2946 ἓ
638 2878 689 2933 502
707 2893 777 2932 anm.
797 2879 832 2947 1).
853 2907 887 2917 -
904 2878 945 2930 De
967 2880 1007 2930 tre
1029 2893 1088 2931 vers
1111 2877 1206 2930 eiteres
1226 2875 1295 2929 Plio.

238 2968 265 3025 t.
282 2984 310 3021 a.
328 2967 428 3023 XVIII.
446 2970 488 3024 61.

195 3077 220 3116 re
240 3058 285 3112 Ne
303 3058 355 3113 hle
374 3059 501 3129 quidem
521 3102 526 3114 .
546 3101 552 3114 .
572 3059 589 3127 .]
608 3057 733 3114 Belem:
756 3058 1011 3126 pastoralitatem.
1055 3054 1294 3124 maturitatem]

243 3148 308 3202 »den
326 3152 395 3203 nette
408 3149 487 3217 tide,
507 3150 545 3204 ad
563 3150 690 3218 sIgnum
708 3148 805 3203 floris
824 3146 1053 3215 accommodet]
1070 3146 1214 3200 rmdretter
1229 3144 1298 3199 efter

239 3239 449 3310 blomstmngena
466 3244 531 3311 tegn
549 3240 675 3310 (signal)‹
695 3255 720 3294 e:
739 3240 814 3308 given
830 3242 896 3307 tegu
913 3237 964 3293 ved
981 3241 1011 3293 at
1028 3237 1164 3293 blomstre.

189 3332 223 3387 10
240 3330 419 3401 inventore]
447 3348 481 3386 en
507 3332 588 3386 mand
614 3331 665 3384 ved
691 3347 763 3384 narn
787 3330 974 3385 Aristolokhos
1001 3331 1113 3398 (somme
1137 3344 1298 3382 nanneten

239 3420 360 3490 krinde);
385 3424 562 3490 parentheaen
583 3440 611 3477 er
633 3421 695 3476 ikke
717 3421 819 3490 ganske
837 3421 965 3489 erkeales,
988 3421 1049 3474 hvis
1072 3421 1118 3475 det
1135 3436 1163 3473 er
1181 3419 1297 3474 Cieero’s

239 3513 348 3580 mening
370 3509 478 3566 dermed
500 3512 529 3564 at
551 3512 697 3579 protestere
719 3512 782 3566 mod
804 3512 856 3566 den
877 3512 938 3581 gale
961 3511 1077 3582 tydning
1094 3510 1124 3565 af
1139 3514 1246 3580 nannet,
1265 3514 1298 3581 ,at

239 3601 285 3654 det
307 3601 402 3655 skulde
425 3601 532 3671 skyldes
558 3601 684 3670 plantens
711 3618 784 3657 arne
802 3604 836 3657 til
854 3606 884 3658 at
900 3602 987 3657 lindre
1009 3603 1171 3658 fedselsveer
1190 3596 1298 3678 (ἀρίστη

239 3694 379 3764 λοχείαις).
415 3691 542 3761 fissum]
562 3693 713 3761 »apellen-3
733 3693 836 3748 saledes
854 3694 947 3749 kaldes
966 3696 976 3750 i
994 3694 1184 3765 haruspiemen
1202 3711 1236 3749 en
1253 3712 1299 3749 ne·

239 3783 324 3852 turlig
340 3782 412 3851 (ikke
429 3784 574 3854 imaginar‚
595 3782 627 3852 js.
646 3784 681 3840 H.
701 3784 742 3840 14
760 3785 805 3853 34)
827 3785 902 3856 linia,
925 3786 1043 3841 hvorved
1065 3787 1171 3842 leveren
1193 3785 1266 3839 deles
1288 3785 1299 3838 i

240 3879 269 3929 to
292 3874 359 3944 dele,
378 3892 449 3944 pare
470 3877 585 3929 inimica
603 3878 636 3944 (e.
654 3876 772 3944 torulis)
791 3893 826 3947 og
840 3895 870 3946 p.
887 3879 1040 3945 semitono
1061 3878 1107 3947 (Π.
1127 3879 1167 3932 12.
1186 3877 1245 3943 28);
1271 3874 1301 3928 af

241 3967 292 4021 den
316 3966 400 4022 sidste
419 3966 514 4037 drogas
532 3967 683 4037 slutuiuger
700 3967 742 4022 for
760 3967 812 4023 den
830 3968 937 4024 ofrenda
956 3969 1020 4038 selu,
1043 3968 1073 4023 af
1087 3968 1139 4022 den
1156 3967 1240 4021 ferate
1257 3965 1299 4019 for
