2942 4625
220 350 281 411 190
487 361 683 416 CICERONIS
701 361 752 415 DE
771 360 1014 416 DIVINATIONE

218 561 406 638 didicimus,
437 580 550 625 varum
581 559 668 625 effici
696 580 764 624 non
793 563 913 643 potest.
968 560 1059 625 Iacet
1081 563 1185 641 igitur
1207 564 1283 625 tota

217 671 395 734 conclusio.

148 748 198 882 1¹}ss
281 776 461 841 Veniamus
485 794 573 841 nuno
597 775 637 839 ad
662 780 834 858 optumum
858 777 975 853 virum,
999 776 1194 841 familiarem
1216 794 1281 839 no-

218 890 333 963 strum,
357 884 561 966 Cratippum.
613 883 659 948 ‘Si
682 886 753 949 siue
777 883 902 959 oculis‘,
926 884 1045 964 inquit,
1071 890 1143 947 ‘nou
1166 887 1280 965 potest

217 996 344 1057 exstare
378 991 523 1056 officium
558 994 591 1055 et
623 1011 746 1056 munus
777 992 957 1069 oculorum,
991 994 1131 1073 possunt
1165 993 1278 1055 autam

216 1099 393 1180 aliquando
425 1099 512 1163 oculi
541 1119 607 1163 non
637 1100 733 1180 fungi
763 1119 821 1163 suo
844 1117 990 1173 munere,
1020 1099 1077 1179 qui
1099 1099 1150 1163 vel
1174 1099 1277 1162 semel

215 1210 263 1272 ita
292 1211 342 1271 est
372 1226 452 1271 usus
476 1208 590 1284 oculis,
619 1211 657 1271 ut
680 1225 756 1271 vera
779 1208 936 1283 cerneret,
968 1206 996 1269 is
1020 1206 1119 1270 habet
1142 1224 1277 1270 sensum

215 1316 385 1379 oculorum
408 1333 483 1378 vera
507 1316 722 1379 cernentium.
756 1313 841 1378 Item
864 1314 977 1394 igitur,
1001 1315 1030 1377 si
1052 1314 1123 1378 sine
1147 1313 1275 1377 divina-

215 1424 305 1486 tione
329 1441 395 1485 non
419 1425 529 1503 potest
551 1422 697 1487 officium
721 1425 755 1485 et
770 1440 891 1486 munus
908 1421 1121 1485 divinationis
1139 1424 1277 1498 exstare,

214 1531 324 1611 potest
359 1533 479 1607 autem,
514 1550 589 1594 aum
623 1532 696 1612 quis
732 1529 969 1594 diuinationem
1002 1528 1132 1607 habeat,
1167 1547 1277 1593 errare

215 1636 391 1717 aliquando
420 1655 481 1701 nec
504 1657 579 1701 vera
603 1656 753 1717 cernere,¹
774 1638 855 1702 satis
879 1639 930 1700 est
952 1635 993 1699 ad
1017 1636 1276 1700 confirmandam

215 1745 461 1822 divinationem,
486 1746 583 1809 semel
610 1744 736 1826 aliquid
760 1747 808 1809 ita
831 1763 901 1808 esse
919 1744 1113 1821 dimotum,
1137 1744 1220 1807 nihil
1236 1749 1277 1807 ut

213 1853 351 1916 fortuito
375 1852 531 1917 cecidisse
554 1852 722 1929 videatur,
747 1855 826 1917 sunt
848 1854 959 1915 autem
982 1852 1052 1915 eius
1077 1853 1205 1931 generis
1220 1852 1274 1915 in·-

213 1960 448 2035 numerabilia;
472 1977 543 2024 esse
566 1960 669 2040 igitur
686 1960 933 2034 divinationem,
958 1958 1183 2023 confitendum
1201 1959 1274 2023 est?

213 2067 344 2131 Festive
368 2070 401 2131 et
423 2067 581 2143 brevite13
613 2068 670 2132 sed
693 2085 769 2130 oum
791 2065 848 2131 bis'
866 2066 1017 2148 sumpsit,
1047 2066 1133 2146 quod
1157 2068 1274 2144 voluit,

215 2174 345 2238 etiamsi
367 2173 481 2239 faciles
504 2194 564 2239 nos
588 2175 628 2239 ad
652 2173 898 2240 concedendum
914 2174 1077 2251 habuerit,
1100 2174 1135 2237 id
1150 2176 1273 2252 tamen,
1314 2253 1316 2255 q

146 2293 198 2347 108
217 2280 304 2362 quod
328 2281 483 2360 adsumit,
507 2283 642 2348 concedi
665 2283 757 2346 nullo
780 2281 876 2346 modo
900 2283 1019 2364 potest.
1065 2280 1131 2359 ‘Si’,
1154 2283 1275 2364 inquit,

215 2396 296 2451 ‘cam
328 2389 505 2470 aliquando
534 2392 621 2455 oculi
651 2393 799 2473 peccent,
833 2393 955 2466 tamen,
986 2391 1063 2470 quia
1093 2393 1181 2454 recte
1211 2391 1275 2454 ali·
1344 2414 1351 2423 ⁴

215 2496 346 2577 quando
369 2497 533 2575 viderunt,
557 2500 645 2563 inest
667 2499 702 2562 in
725 2499 767 2563 iis
790 2499 840 2562 vis
863 2496 1006 2574 videndi,
1030 2496 1119 2575 item,
1147 2501 1175 2562 si
1198 2501 1274 2579 quIs

214 2604 315 2667 semel
331 2604 456 2686 aliquid
473 2606 507 2669 in
524 2605 725 2670 dlvinaticne
745 2605 872 2681 dixerit,
889 2606 927 2682 is,
944 2606 1044 2668 etiam
1061 2621 1135 2666 cum
1148 2608 1272 2685 peccet,

154 2713 324 2784 satamon
355 2713 603 2777 existumandus
635 2714 679 2777 sit
702 2712 822 2776 habere
845 2714 912 2776 vim
935 2711 1126 2776 divinandi’
1178 2712 1272 2790 Vide,

211 2999 396 3067 anvisningeu.
437 3000 476 3053 ab
495 3001 581 3068 ipsis
600 3000 797 3068 didicimus]
818 2999 957 3054 Stoikeme
974 3015 1021 3052 var
1036 2998 1065 3067 jo
1085 3002 1156 3053 stone
1174 3000 1273 3053 dialek·

213 3090 305 3142 tikere.

153 3161 194 3271 150}
214 3180 247 3232 Si
272 3180 346 3234 sine
369 3180 480 3233 oculis
499 3223 505 3234 .
524 3223 531 3235 .
550 3182 567 3249 .]
592 3179 667 3235 citat
684 3180 714 3234 af
730 3182 752 3236 1.
770 3180 812 3234 32.
831 3180 873 3248 71,
898 3179 988 3232 ordret
1005 3178 1040 3247 pi
1057 3182 1085 3232 et
1102 3196 1150 3247 par
1167 3179 1272 3234 ordstil-

212 3269 434 3339 lingsaendringer
455 3287 516 3325 nar.
559 3271 593 3324 Se
617 3274 727 3324 ncterne
754 3269 843 3324 dertil.
887 3270 1027 3324 Festive
1055 3273 1086 3323 et
1112 3270 1269 3338 breviter]

214 3360 336 3429 »elegant
354 3377 388 3430 og
406 3360 536 3430 fpndigt«.
579 3361 629 3415 bis
649 3360 806 3430 sumpsit]
825 3361 866 3414 De
884 3363 912 3414 to
931 3361 1137 3429 oversetninger
1154 3378 1183 3415 er
1201 3359 1269 3429 dem,

213 3451 306 3504 Cicero
323 3451 440 3519 kostelig
458 3452 585 3520 gengIver
603 3452 691 3506 straus
710 3452 785 3506 efter.

152 3556 191 3595 ms
212 3541 259 3609 Si,
277 3541 407 3608 inquit,
426 3558 495 3595 cum
514 3584 520 3595 .
540 3584 545 3595 .
566 3542 583 3610 .]
602 3542 659 3596 Ved
676 3542 825 3611 tilfajelsen
843 3541 873 3595 af
889 3558 949 3596 eum
964 3540 1094 3610 (Madvig)
1108 3541 1194 3595 bliver
1206 3543 1269 3597 item

208 3633 234 3684 ai
258 3671 265 3684 .
285 3673 317 3685 ..
343 3630 533 3700 eftersaetning.
587 3631 1016 3686 dixerit-existumandus
1044 3631 1101 3700 sit]
1133 3631 1270 3701 Konjunk-

209 3721 313 3774 tiverne
331 3737 359 3774 er
377 3721 545 3790 pileldende,
563 3739 598 3790 og
614 3739 677 3776 man
696 3721 785 3775 kunde
803 3721 864 3776 med
878 3722 971 3777 Chn'st
988 3722 1145 3778 foretraekke
1163 3724 1269 3777 dicit-

211 3811 423 3865 exialamandcs
441 3820 481 3867 est
498 3813 552 3880 (vel
571 3811 636 3881 ogsd
653 3812 726 3866 helet
738 3814 860 3880 peccat).
889 3811 961 3881 Ogsi
978 3812 1020 3867 fra
1037 3813 1195 3881 meningens
1213 3811 1270 3866 side

209 3918 238 3954 er
251 3900 398 3970 udtrykket
411 3903 520 3971 aliquid
535 3905 565 3956 in
580 3904 750 3957 divitensium
764 3904 868 3958 dixerit
879 3902 1023 3971 underligt.
1050 3901 1106 3955 Der
1118 3918 1146 3955 er
1161 3902 1269 3955 vistnok

208 3991 257 4059 fejl
275 3992 285 4044 i
303 3992 426 4055 teksten3
445 3992 543 4046 Mulier
559 3993 635 4046 laser
654 3994 814 4061 dispexerit,
832 3992 914 4046 andra
930 3993 1037 4047 viderit.

156 4087 191 4139 53
208 4081 291 4134 Vide
309 4125 315 4136 .
335 4125 341 4136 .
361 4124 377 4149 .,
395 4098 490 4149 quam
514 4083 582 4136 sint
605 4083 676 4136 ista
699 4082 843 4151 similia]
870 4082 955 4136 ›hvad
978 4081 1071 4150 lighed
1093 4080 1139 4134 der
1162 4097 1190 4135 er
1213 4080 1268 4135 der·
