2942 4625
233 322 275 383 62
495 331 690 388 CICERONIS
708 333 759 388 DE
778 333 1022 389 DIVINATIONE

183 542 217 596 aa
235 553 300 615 qua
333 534 580 599 vaticinationis
613 533 705 599 brevi
739 552 811 600 esse
845 533 1005 600 confecta.
1067 534 1152 599 Nam
1186 537 1219 600 at
1252 527 1291 599 aix

232 643 359 707 horreis
397 642 564 725 direptum
603 640 809 723 effusumque
841 641 1046 707 frumentum
1079 645 1149 708 vias
1183 644 1289 708 omnis

233 752 493 834 angiportusque
525 750 760 827 constraverat,
789 752 822 813 et
851 768 952 815 naves
981 750 1091 816 subito
1120 752 1290 834 perterriti

145 917 150 927 .
231 862 324 923 metu
352 857 592 924 conscendistis
622 859 656 922 et
683 859 785 922 noctu
814 857 856 921 ad
885 858 1045 941 oppidum
1073 859 1289 942 respicientes

231 966 403 1049 flagrantis
421 966 597 1043 onerarias,
617 983 699 1046 quas
715 964 932 1030 incenderant
948 966 1082 1043 milites,
1101 967 1179 1047 quia
1196 968 1288 1047 sequi

231 1076 416 1152 noluerant,
445 1073 625 1149 videbatis;
653 1075 819 1156 postremo
847 1072 1017 1139 aRhodia
1039 1074 1143 1139 classe
1166 1074 1289 1140 deserti

231 1202 345 1248 verum
367 1185 476 1247 vatam
498 1180 610 1247 fuisse·
625 1182 788 1247 sensistis.

179 1293 214 1348 70
295 1289 440 1374 Exposui
474 1308 573 1370 quam
607 1290 799 1355 brevissime
830 1291 924 1373 potui
952 1290 1070 1355 somnii
1104 1291 1137 1354 et
1167 1288 1287 1354 luroris

232 1400 349 1477 oracla,
380 1415 463 1479 quae
495 1415 604 1462 carere
634 1400 704 1463 arte
734 1397 889 1463 dixeram.
946 1396 1091 1477 Quomm
1117 1397 1287 1462 amborum

231 1525 388 1588 generum
411 1524 478 1571 una
499 1507 584 1570 ratio
608 1508 668 1585 est,
698 1524 763 1587 qua
785 1504 963 1589 Cratippus
985 1507 1098 1571 noster
1119 1506 1170 1571 uti
1193 1506 1287 1584 solat,

230 1616 357 1680 animos
394 1615 567 1679 hominum
606 1613 749 1696 quadam
782 1632 820 1678 ax
853 1616 946 1697 parte
980 1615 1183 1679 extrinsecus
1217 1633 1287 1679 assa

230 1726 354 1788 tractos
378 1725 411 1787 et
433 1724 570 1786 haustos
585 1758 628 1768 -·
643 1739 682 1786 ex
704 1740 768 1803 quo
790 1722 1007 1804 intellegitur,
1031 1740 1102 1787 asse
1123 1725 1214 1788 extra
1236 1722 1287 1786 di-

230 1819 344 1895 vinum
367 1830 523 1908 animum,
546 1830 711 1895 humanus
734 1829 822 1894 unde
839 1829 980 1895 ducatur
1001 1866 1053 1908 -,
1076 1812 1212 1896 humani
1227 1850 1286 1896 au-

230 1941 299 2003 tem
316 1937 418 2003 animi
438 1956 509 2002 eam
528 1940 666 2021 partem,
686 1956 770 2018 quae
789 1956 932 2016 sensum,
951 1957 1033 2019 quae
1048 1942 1185 2018 motum,
1204 1957 1287 2020 quae

231 2046 418 2129 adpetitum
446 2046 577 2124 habeat,
605 2064 672 2110 non
702 2064 774 2111 esse
802 2046 842 2110 ab
872 2047 1001 2110 actione
1030 2048 1175 2129 corporis
1199 2048 1286 2112 seiu-

233 2156 359 2234 gatam3
390 2172 473 2235 quac
503 2156 615 2219 autem
643 2173 720 2237 pars
748 2154 850 2219 animi
871 2153 1010 2219 rationis
1033 2157 1133 2235 atque
1155 2156 1286 2220 intelle-

232 2262 362 2343 gentiae
397 2262 441 2326 sit
472 2261 648 2346 particeps,
683 2280 757 2327 eam
783 2264 856 2327 tum
877 2280 1027 2327 maxume
1057 2263 1177 2344 vigere,
1212 2282 1288 2330 cum

179 2384 213 2439 71
232 2370 414 2451 plurimum
440 2369 528 2434 absit
555 2389 574 2434 a
601 2387 746 2453 corpore.
795 2369 913 2451 Itaque
943 2372 1099 2454 expositis
1130 2372 1287 2454 exemplis

230 2495 380 2542 verarum
408 2477 683 2543 vaticinationum
712 2480 745 2542 et
773 2479 975 2543 somniorum
997 2476 1174 2562 Cratippus
1203 2481 1288 2544 solet

229 2587 391 2651 rationem
415 2586 610 2651 concludere
632 2587 694 2651 hoc
715 2586 831 2651 modo:
854 2588 893 2651 ‘si
916 2589 986 2651 sine
1010 2587 1114 2651 oculis
1129 2606 1196 2652 non
1212 2593 1286 2671 pot·

230 2696 281 2758 est
304 2696 430 2759 exstare
454 2694 601 2760 officium
623 2698 657 2759 et
673 2715 795 2760 munus
816 2695 995 2772 oculomm,
1018 2699 1159 2776 possunt
1175 2700 1285 2760 autem

122 3002 124 3005 -
229 2971 447 3042 iborgerlxrigen
470 2972 532 3027 blev
554 2972 616 3026 ham
641 2975 702 3026 utro
725 2988 761 3041 og
784 2970 901 3025 sluttede
923 2971 966 3040 sig
982 2971 1016 3025 til
1033 2971 1184 3040 Pompeius.
1224 2973 1285 3026 Han

228 3062 298 3116 faldt
315 3062 366 3116 ved
383 3061 485 3116 Munda
502 3062 532 3116 dr
548 3062 589 3118 45.

184 3171 209 3211 cs
229 3152 448 3221 angiportus]
470 3152 599 3206 Nonius's
622 3151 784 3206 meddelelse
806 3152 838 3220 (a.
860 3169 886 3210 o.
910 3154 1079 3222 comporta),
1106 3154 1135 3206 at
1159 3151 1251 3206 Cicero
1275 3153 1285 3205 i

228 3242 328 3297 varlxat
346 3244 380 3297 de
398 3244 481 3298 dicia.
496 3242 545 3297 har
556 3243 638 3312 brugt
652 3242 756 3296 forman
771 3244 929 3313 aapipcrta,
948 3245 1046 3298 stettes
1060 3243 1123 3296 ikke
1137 3243 1168 3296 af
1179 3242 1284 3298 hdskrr.

229 3333 477 3403 constraverat]
498 3333 539 3388 »la
557 3334 567 3387 i
584 3334 630 3403 lag
646 3333 682 3403 pd
700 3377 705 3388 .
726 3378 730 3387 .
751 3355 783 3388 .‹.
1331 3350 1333 3354 ⁴

182 3426 208 3467 7⁰
228 3423 388 3494 dixeram]
409 3424 518 3494 ›sagda‹
539 3425 611 3493 (man
629 3424 707 3479 forud
724 3425 734 3477 i
752 3424 794 3478 tid
815 3424 857 3479 for
878 3425 1014 3493 exposita),
1036 3423 1139 3492 nemlig
1155 3423 1180 3479 6.
1199 3424 1232 3477 12
1251 3440 1286 3493 cg

227 3515 269 3570 18.
287 3515 330 3570 34.
365 3515 466 3583 ratio]
487 3514 794 3585 ›betragtningsmddc‹‚
815 3514 1001 3583 aforklaring«.
1038 3513 1237 3584 Cratippus]
1256 3531 1285 3568 se

227 3606 251 3660 3.
270 3606 294 3660 5.
331 3606 560 3674 extrinsecus]
577 3621 605 3661 a:
623 3605 734 3660 freden
752 3604 924 3674 almindcligc
943 3606 1052 3659 animus
1070 3604 1181 3659 divinas
1191 3603 1284 3673 (jan.

226 3683 354 3765 58119).
399 3696 504 3764 extra]
528 3695 691 3751 adverbium.
732 3713 798 3750 non
816 3711 891 3750 csse
909 3695 949 3749 ab
968 3695 1106 3749 actione
1128 3695 1284 3764 corporis

228 3788 430 3857 seiugatam]
458 3802 486 3841 o:
509 3802 538 3841 er
559 3786 733 3856 uadslxillelig
754 3786 863 3855 knyttet
888 3786 923 3840 til
948 3786 1078 3855 legemets
1104 3785 1284 3855 livsytringer.

226 3880 326 3934 Verbet
342 3880 470 3948 aeicpcrc
486 3877 584 3947 bruger
602 3876 694 3932 Cicero
711 3877 768 3930 lmn
785 3876 840 3931 her.

182 3989 206 4029 τι
226 3969 531 4038 vaticinationum]
548 3989 582 4016 =
599 3968 706 4033 fareris
725 3969 892 4023 oraclorum.
937 3967 972 4021 si
996 3968 1069 4021 sinc
1087 3968 1197 4022 oculis
1216 4009 1222 4022 .
1241 4009 1247 4022 .
1267 3968 1284 4035 .]

177 4113 183 4138 t
228 4061 332 4116 Citatet
349 4063 478 4130 geutages
495 4059 557 4113 med
575 4061 603 4112 et
619 4074 668 4128 per
686 4058 893 4127 amicandringer
909 4057 949 4114 11.
967 4058 1008 4113 62.
1028 4058 1085 4112 loz.
1123 4058 1284 4127 Slutningen
