2942 4625
502 370 571 423 LIB.
591 369 628 424 11.
646 369 687 423 61.
708 369 834 424 126-63.
854 369 912 423 129.
1173 358 1235 418 205

178 588 322 634 noenum
345 586 478 633 necesse
502 568 572 632 est'
610 567 699 647 Quae
724 571 774 632 est
796 568 930 632 tandem
953 568 1018 632 ista
1041 568 1236 633 distinctio?

177 695 264 759 quae
279 695 365 754 vera,
387 694 471 757 quae
486 676 570 740 falsa
588 677 710 741 habet?
733 678 776 753 et,
801 677 829 740 si
844 694 920 740 vera
935 695 954 740 a
971 676 1235 752 demittuntur,

177 786 264 850 falsa
292 784 380 848 unde
407 787 612 849 naseuntur?
639 803 717 848 nam
740 786 769 848 si
792 802 830 847 ea
852 803 981 865 quoque
1005 785 1126 861 divina,
1156 784 1236 865 quid

175 893 424 958 inconstantius
441 892 522 956 deo?
539 892 618 974 quid
633 892 788 956 inscitius
805 895 915 956 autem
931 894 981 956 est
998 910 1096 974 quam
1108 894 1236 955 mentes

177 1001 370 1065 mortalium
392 999 486 1064 falsis
507 1001 540 1063 et
555 1000 769 1065 mendacibus
785 1000 865 1064 visis
881 1001 1070 1064 concitare?
1094 1001 1145 1064 sin
1160 1018 1237 1063 vera

178 1110 251 1173 risa
281 1108 393 1172 diuina
423 1109 511 1185 sunt,
537 1107 623 1171 falsa
653 1111 764 1171 autem
786 1110 820 1171 et
841 1108 953 1172 inania
976 1108 1130 1185 humana,
1154 1124 1237 1187 quae
1310 1185 1313 1188 ¹

177 1220 232 1281 est
260 1218 325 1280 ista
353 1215 549 1296 designandi
581 1216 727 1293 licentia,
756 1217 794 1279 ut
823 1216 885 1279 hee
915 1215 1006 1292 deus,
1034 1216 1096 1280 heo
1118 1218 1238 1278 natura

176 1327 296 1391 fecerit
318 1324 429 1407 potius
452 1341 552 1403 quam
574 1325 632 1387 aut
655 1322 765 1413 omnia
788 1322 879 1400 deus,
903 1323 990 1404 quod
1013 1323 1152 1404 negatis,
1181 1323 1239 1386 aut

178 1434 291 1497 omnia
320 1433 461 1495 natura?
489 1430 734 1511 quodquoniam
762 1431 847 1495 illud
869 1431 1009 1511 negatis,
1039 1431 1101 1495 hoo
1124 1447 1238 1494 neces·

177 1542 267 1605 sario
291 1539 516 1603 confitendum
539 1541 599 1602 est.
649 1539 810 1602 Naturam
834 1543 944 1603 autem
967 1558 1039 1602 earn
1062 1538 1145 1614 dico,
1174 1549 1308 1619 qua128

176 1666 362 1729 numquam
384 1649 514 1711 animus
537 1645 696 1710 insistens
719 1646 900 1725 agitatione
924 1651 957 1710 et
979 1649 1072 1710 motu
1095 1663 1166 1709 esse
1181 1662 1238 1708 va-

177 1774 264 1820 ouus
287 1755 407 1836 potest.
443 1751 478 1816 Is
502 1769 579 1815 eum
598 1751 757 1832 languore
781 1755 925 1835 eorporis
941 1771 1002 1818 neo
1017 1752 1172 1818 membris
1188 1753 1240 1816 uti

178 1882 242 1939 nec
266 1860 418 1926 sensibus
442 1861 561 1941 potest,
592 1859 711 1923 incidit
733 1859 769 1922 in
792 1861 863 1924 risa
885 1862 975 1925 varia
998 1865 1031 1925 et
1053 1860 1179 1924 incerta
1202 1878 1240 1923 ex

178 1968 341 2050 reliquiis,
365 1970 404 2031 ut
426 1968 474 2031 ait
485 1966 690 2043 Aristoteles,
713 1967 962 2031 inhaerentibus
986 1987 1097 2032 earum
1119 1986 1238 2043 rerum,

179 2095 264 2160 quas
288 2075 429 2157 vigilans
458 2073 596 2154 gesserit
619 2076 677 2136 aut
700 2074 911 2153 cogitaverit3
944 2093 1083 2155 quarum
1109 2076 1240 2155 pertur-

181 2187 315 2250 batione
338 2182 506 2246 mirabsses
529 2181 696 2244 interdum
719 2182 866 2245 existunt
882 2183 1008 2263 species
1024 2182 1239 2255 somniorum

179 2313 266 2377 quae
295 2293 324 2357 si
352 2290 417 2356 alia
447 2289 541 2366 falsa,
569 2288 634 2353 alia
656 2307 743 2366 vera,
774 2308 839 2371 qua
861 2290 940 2354 nota
961 2290 1239 2367 internoscantur,

181 2404 267 2467 scire
295 2417 374 2465 sane
402 2398 511 2462 velim.
561 2395 596 2460 Si
624 2397 717 2461 nulla
745 2400 805 2474 est,
837 2397 916 2479 quid
938 2398 1020 2463 istos
1043 2400 1240 2481 interpretes

181 2509 382 2573 audiamus?
405 2508 457 2570 sin
481 2504 655 2586 quaepiam
674 2509 734 2583 est,
759 2524 838 2569 aveo
854 2505 978 2584 audire,
1002 2524 1085 2586 quae
1103 2507 1160 2581 sit;
1184 2506 1241 2570 sed

182 2616 376 2681 haerebunt.
409 2613 510 2678 Venit
533 2614 621 2676 enim
643 2613 709 2677 iarn
731 2614 767 2676 in
790 2615 1046 2691 contentionem,
1070 2616 1183 2678 utrum
1198 2615 1241 2678 sit
1260 2591 1311 2726 &a

648 2809 840 2816 *n-
1103 2810 1242 2816 —-—-——·

186 2923 383 2977 heksametrisk
400 2922 467 2990 digt.
504 2921 553 2991 [Se
571 2921 762 2990 tillagget]
804 2923 885 2991 quid
907 2924 1072 2978 inscitius
1096 2923 1160 2992 est]
1183 2923 1243 2976 »det

185 3013 258 3068 vilde
281 3030 347 3066 vare
371 3029 403 3066 en
427 3012 552 3081 urimelig
575 3016 696 3075 manem
722 3028 822 3066 samma
845 3013 962 3082 sending
985 3031 1012 3068 a.
1037 3014 1064 3068 d.
1087 3014 1242 3069 11.13.36.

183 3103 470 3174 quae—lieentia]
501 3102 546 3156 »st
572 3119 600 3157 er
623 3102 670 3156 det
693 3105 720 3156 et
744 3104 845 3171 gauske
869 3103 1007 3172 vilktrligt
1031 3107 1241 3173 arrangement«.

183 3195 341 3263 Udtrykket
357 3210 467 3247 nannet
485 3195 528 3262 sig
544 3192 727 3262 betydningen
745 3193 806 3247 »det
821 3210 849 3247 er
861 3194 1004 3263 umuligte,
1022 3193 1111 3247 dorior
1122 3201 1154 3249 ut
1164 3193 1244 3262 (efter

184 3284 280 3339 Mdv.⁸
296 3285 314 3352 ἐ
331 3283 383 3338 374
401 3285 496 3351 anm);
516 3283 549 3351 jf.
566 3283 609 3337 45.
627 3284 668 3336 94.
708 3282 968 3353 quodquoniam]
994 3301 1021 3338 se
1039 3284 1133 3339 Mdv.⁸
1149 3285 1167 3352 ἓ
1184 3284 1242 3338 396.

187 3376 347 3429 Naturam
366 3417 372 3428 .
391 3416 397 3429 .
416 3390 485 3427 earn
504 3373 593 3441 dieo,
611 3389 673 3441 qua
691 3415 697 3427 .
717 3415 722 3427 .
743 3373 760 3440 .]
781 3373 944 3442 ›jegmener
958 3374 1030 3443 (med
1044 3373 1244 3443 ordetnatur)
1264 3406 1302 3447 Μ

184 3466 239 3520 den
256 3462 604 3532 naturejendomrnelighed‚
623 3464 633 3516 i
650 3463 723 3516 kraft
741 3463 771 3517 af
786 3463 918 3523 hvilken.
938 3508 942 3518 .
963 3486 994 3519 .‹.
1021 3481 1242 3533 numquam..

187 3557 404 3610 insistens..
425 3571 524 3608 ‚esse
546 3570 670 3607 vacuus
694 3553 822 3623 potest]
847 3554 1000 3623 Nagtelsen
1024 3555 1102 3609 herer
1124 3554 1192 3608 btde
1210 3555 1244 3608 til

185 3649 316 3702 incutere
337 3661 373 3713 og
389 3652 491 3712 potest.
536 3643 666 3698 incidit
690 3643 737 3714 in]
764 3644 864 3697 ›bliver
887 3645 1090 3714 etbytteior«.
1134 3649 1171 3699 ut
1194 3647 1244 3699 ait

188 3736 406 3803 Aristoteles]
425 3737 490 3808 περὶ
508 3732 600 3789 iruna
618 3735 642 3789 3.
669 3734 730 3788 Deu
748 3749 849 3788 samma
866 3736 948 3789 tanke
965 3752 994 3789 er
1010 3736 1171 3805 naturligris
1189 3735 1244 3789 ofte

187 3826 308 3896 ndtrykt,
326 3825 429 3879 stledes
448 3826 457 3877 i
476 3825 571 3878 citatet
589 3825 611 3879 Ι.
631 3825 672 3879 22.
690 3825 731 3879 45.

189 3917 289 3970 Venit
307 3916 394 3969 enirn
413 3958 418 3969 .
438 3958 444 3971 .
464 3915 482 3984 .]
502 3915 696 3969 Forbindelsen
720 3932 748 3969 er
771 3918 852 3985 neget
869 3915 1004 3984 utydelig;
1029 3916 1082 3985 dog
1103 3917 1155 3971 kau
1175 3918 1245 3970 enim
1262 3914 1296 3967 63

186 4007 242 4061 nok
273 4007 404 4060 forauares
434 4004 550 4059 stledes:
582 4005 614 4059 de
641 4007 679 4059 vil
705 4006 768 4059 ikke
795 4006 884 4059 kuune
910 4007 1006 4074 angive
1033 4010 1114 4075 neget
1140 3983 1303 4075 merke,12⁹

188 4096 306 4151 hvorved
327 4096 360 4149 de
384 4095 469 4150 falske
493 4095 612 4150 dremme
635 4097 689 4150 kan
713 4097 818 4150 skelnea
842 4095 883 4149 fra
909 4096 941 4149 de
965 4095 1059 4160 sande3
1086 4097 1113 4149 ti
1137 4096 1195 4164 (der
1218 4113 1246 4150 er
1292 4114 1295 4121 ’
