<?xml version="1.0" encoding="UTF-8"?>
<!DOCTYPE html PUBLIC "-//W3C//DTD XHTML 1.0 Transitional//EN"
    "http://www.w3.org/TR/xhtml1/DTD/xhtml1-transitional.dtd">
<html xmlns="http://www.w3.org/1999/xhtml" xml:lang="en" lang="en">
 <head>
  <title>
</title>
<meta http-equiv="Content-Type" content="text/html;charset=utf-8" />
  <meta name='ocr-system' content='tesseract 3.04.00' />
  <meta name='ocr-capabilities' content='ocr_page ocr_carea ocr_par ocr_line ocrx_word'/>
</head>
<body>
  <div class='ocr_page' id='page_1' title='image "./mtulliiciceroni00thorgoog_0021.png"; bbox 0 0 2942 4625; ppageno 0'>
   <div class='ocr_carea' id='block_1_1' title="bbox 605 378 1381 445">
    <p class='ocr_par' dir='ltr' id='par_1_1' title="bbox 605 378 1381 445">
     <span class='ocr_line' id='line_1_1' title="bbox 605 378 1381 445; baseline -0.008 -2"><span class='ocrx_word' id='word_1_1' title='bbox 605 389 674 444; x_wconf 91' lang='lat' dir='ltr'><strong>LIB.</strong></span> <span class='ocrx_word' id='word_1_2' title='bbox 691 389 713 444; x_wconf 91' lang='lat'>1.</span> <span class='ocrx_word' id='word_1_3' title='bbox 732 389 757 445; x_wconf 78' lang='lat'>2.</span> <span class='ocrx_word' id='word_1_4' title='bbox 775 389 851 444; x_wconf 84' lang='lat'>4-3.</span> <span class='ocrx_word' id='word_1_5' title='bbox 870 389 894 443; x_wconf 82' lang='lat'>6.</span> <span class='ocrx_word' id='word_1_6' title='bbox 1262 378 1281 437; x_wconf 88' lang='grc'>9</span> <span class='ocrx_word' id='word_1_7' title='bbox 1379 419 1381 424; x_wconf 65' lang='grc'><strong><em>«</em></strong></span> 
     </span>
    </p>
   </div>
   <div class='ocr_carea' id='block_1_2' title="bbox 221 589 1371 2294">
    <p class='ocr_par' dir='ltr' id='par_1_2' title="bbox 221 589 1371 2294">
     <span class='ocr_line' id='line_1_2' title="bbox 221 589 1283 670; baseline -0.002 -14"><span class='ocrx_word' id='word_1_8' title='bbox 221 590 456 668; x_wconf 79' lang='lat' dir='ltr'><strong>sentientibus,</strong></span> <span class='ocrx_word' id='word_1_9' title='bbox 496 607 635 670; x_wconf 88' lang='lat' dir='ltr'>cumque</span> <span class='ocrx_word' id='word_1_10' title='bbox 670 589 749 653; x_wconf 89' lang='lat' dir='ltr'>huic</span> <span class='ocrx_word' id='word_1_11' title='bbox 782 590 830 653; x_wconf 86' lang='lat' dir='ltr'>rei</span> <span class='ocrx_word' id='word_1_12' title='bbox 863 607 1017 669; x_wconf 85' lang='lat' dir='ltr'>magnam</span> <span class='ocrx_word' id='word_1_13' title='bbox 1051 590 1283 654; x_wconf 88' lang='lat' dir='ltr'>auctoritatem</span> 
     </span>
     <span class='ocr_line' id='line_1_3' title="bbox 221 691 1371 784; baseline 0 -22"><span class='ocrx_word' id='word_1_14' title='bbox 221 699 427 784; x_wconf 83' lang='lat' dir='ltr'>Pythagoras</span> <span class='ocrx_word' id='word_1_15' title='bbox 457 698 524 762; x_wconf 92' lang='lat' dir='ltr'>iam</span> <span class='ocrx_word' id='word_1_16' title='bbox 553 700 629 761; x_wconf 90' lang='lat' dir='ltr'>ante</span> <span class='ocrx_word' id='word_1_17' title='bbox 658 697 842 773; x_wconf 73' lang='lat' dir='ltr'><strong>tribuisset,</strong></span> <span class='ocrx_word' id='word_1_18' title='bbox 872 698 928 778; x_wconf 89' lang='lat' dir='ltr'>qui</span> <span class='ocrx_word' id='word_1_19' title='bbox 960 698 1060 761; x_wconf 89' lang='lat' dir='ltr'>etiam</span> <span class='ocrx_word' id='word_1_20' title='bbox 1083 697 1153 779; x_wconf 91' lang='lat' dir='ltr'>ipse</span> <span class='ocrx_word' id='word_1_21' title='bbox 1177 716 1282 779; x_wconf 88' lang='lat' dir='ltr'>augur</span> <span class='ocrx_word' id='word_1_22' title='bbox 1368 691 1371 696; x_wconf 70' lang='grc'><strong>’</strong></span> 
     </span>
     <span class='ocr_line' id='line_1_4' title="bbox 221 805 1282 887; baseline -0.003 -15"><span class='ocrx_word' id='word_1_23' title='bbox 221 808 321 872; x_wconf 88' lang='lat' dir='ltr'>vellet</span> <span class='ocrx_word' id='word_1_24' title='bbox 345 824 426 883; x_wconf 87' lang='lat' dir='ltr'>csse,</span> <span class='ocrx_word' id='word_1_25' title='bbox 452 805 681 887; x_wconf 81' lang='lat' dir='ltr'>plurumisque</span> <span class='ocrx_word' id='word_1_26' title='bbox 704 806 787 868; x_wconf 87' lang='lat' dir='ltr'>locis</span> <span class='ocrx_word' id='word_1_27' title='bbox 811 806 919 885; x_wconf 86' lang='lat' dir='ltr'>gravis</span> <span class='ocrx_word' id='word_1_28' title='bbox 943 808 1057 868; x_wconf 83' lang='lat' dir='ltr'>auctor</span> <span class='ocrx_word' id='word_1_29' title='bbox 1074 806 1282 869; x_wconf 76' lang='lat' dir='ltr'>Democritus</span> 
     </span>
     <span class='ocr_line' id='line_1_5' title="bbox 223 913 1282 998; baseline -0.004 -19"><span class='ocrx_word' id='word_1_30' title='bbox 223 916 489 998; x_wconf 90' lang='lat' dir='ltr'>praesensionem</span> <span class='ocrx_word' id='word_1_31' title='bbox 517 932 627 977; x_wconf 92' lang='lat' dir='ltr'>rerum</span> <span class='ocrx_word' id='word_1_32' title='bbox 656 913 845 977; x_wconf 88' lang='lat' dir='ltr'>futurarum</span> <span class='ocrx_word' id='word_1_33' title='bbox 872 913 1098 994; x_wconf 89' lang='lat' dir='ltr'>conprobaret,</span> <span class='ocrx_word' id='word_1_34' title='bbox 1127 914 1282 977; x_wconf 91' lang='lat' dir='ltr'>Dicaear-</span> 
     </span>
     <span class='ocr_line' id='line_1_6' title="bbox 225 1003 1282 1105; baseline -0.004 -18"><span class='ocrx_word' id='word_1_35' title='bbox 225 1026 307 1088; x_wconf 88' lang='lat' dir='ltr'>chus</span> <span class='ocrx_word' id='word_1_36' title='bbox 329 1023 573 1105; x_wconf 74' lang='lat' dir='ltr'>Peripateticus</span> <span class='ocrx_word' id='word_1_37' title='bbox 604 1024 713 1086; x_wconf 91' lang='lat' dir='ltr'>cetera</span> <span class='ocrx_word' id='word_1_38' title='bbox 743 1019 956 1084; x_wconf 79' lang='lat' dir='ltr'>divinationis</span> <span class='ocrx_word' id='word_1_39' title='bbox 986 1039 1106 1101; x_wconf 84' lang='lat' dir='ltr'>genera</span> <span class='ocrx_word' id='word_1_40' title='bbox 1135 1003 1282 1093; x_wconf 74' lang='lat' dir='ltr'>sustulit</span> 
     </span>
     <span class='ocr_line' id='line_1_7' title="bbox 224 1127 1282 1211; baseline -0.003 -15"><span class='ocrx_word' id='word_1_41' title='bbox 224 1131 425 1196; x_wconf 90' lang='lat' dir='ltr'>somniorum</span> <span class='ocrx_word' id='word_1_42' title='bbox 448 1133 481 1195; x_wconf 88' lang='lat' dir='ltr'>et</span> <span class='ocrx_word' id='word_1_43' title='bbox 504 1130 624 1194; x_wconf 88' lang='lat' dir='ltr'>furoris</span> <span class='ocrx_word' id='word_1_44' title='bbox 647 1130 792 1210; x_wconf 85' lang='lat' dir='ltr'>reliquit,</span> <span class='ocrx_word' id='word_1_45' title='bbox 822 1127 1075 1211; x_wconf 84' lang='lat' dir='ltr'>Cratippusque,</span> <span class='ocrx_word' id='word_1_46' title='bbox 1109 1129 1282 1210; x_wconf 80' lang='lat' dir='ltr'>familiaris</span> 
     </span>
     <span class='ocr_line' id='line_1_8' title="bbox 222 1235 1281 1320; baseline -0.003 -16"><span class='ocrx_word' id='word_1_47' title='bbox 222 1241 345 1317; x_wconf 87' lang='lat' dir='ltr'>noster,</span> <span class='ocrx_word' id='word_1_48' title='bbox 377 1257 474 1320; x_wconf 90' lang='lat' dir='ltr'>quem</span> <span class='ocrx_word' id='word_1_49' title='bbox 503 1256 562 1319; x_wconf 81' lang='lat' dir='ltr'>ego</span> <span class='ocrx_word' id='word_1_50' title='bbox 591 1255 703 1320; x_wconf 89' lang='lat' dir='ltr'>parem</span> <span class='ocrx_word' id='word_1_51' title='bbox 734 1238 871 1301; x_wconf 90' lang='lat' dir='ltr'>summis</span> <span class='ocrx_word' id='word_1_52' title='bbox 900 1235 1132 1319; x_wconf 82' lang='lat' dir='ltr'>Peripateticis</span> <span class='ocrx_word' id='word_1_53' title='bbox 1160 1236 1281 1315; x_wconf 90' lang='lat' dir='ltr'>iudico,</span> 
     </span>
     <span class='ocr_line' id='line_1_9' title="bbox 223 1344 1283 1426; baseline -0.002 -15"><span class='ocrx_word' id='word_1_54' title='bbox 223 1347 329 1411; x_wconf 89' lang='lat' dir='ltr'>isdem</span> <span class='ocrx_word' id='word_1_55' title='bbox 355 1347 453 1411; x_wconf 89' lang='lat' dir='ltr'>rebus</span> <span class='ocrx_word' id='word_1_56' title='bbox 483 1346 582 1410; x_wconf 89' lang='lat' dir='ltr'>fidem</span> <span class='ocrx_word' id='word_1_57' title='bbox 611 1345 740 1423; x_wconf 88' lang='lat' dir='ltr'>tribuit</span> <span class='ocrx_word' id='word_1_58' title='bbox 769 1345 897 1426; x_wconf 85' lang='lat' dir='ltr'>reliqua</span> <span class='ocrx_word' id='word_1_59' title='bbox 927 1344 1139 1409; x_wconf 80' lang='lat' dir='ltr'>divinationis</span> <span class='ocrx_word' id='word_1_60' title='bbox 1163 1363 1283 1426; x_wconf 85' lang='lat' dir='ltr'>genera</span> 
     </span>
     <span class='ocr_line' id='line_1_10' title="bbox 224 1452 1319 1531; baseline -0.002 -12"><span class='ocrx_word' id='word_1_61' title='bbox 224 1457 349 1519; x_wconf 86' lang='lat' dir='ltr'>reiecit.</span> <span class='ocrx_word' id='word_1_62' title='bbox 325 1453 466 1518; x_wconf 88' lang='lat' dir='ltr'>tSed</span> <span class='ocrx_word' id='word_1_63' title='bbox 496 1471 570 1517; x_wconf 89' lang='lat' dir='ltr'>cum</span> <span class='ocrx_word' id='word_1_64' title='bbox 602 1452 705 1518; x_wconf 85' lang='lat' dir='ltr'>Stoici</span> <span class='ocrx_word' id='word_1_65' title='bbox 736 1456 847 1517; x_wconf 84' lang='lat' dir='ltr'>omnia</span> <span class='ocrx_word' id='word_1_66' title='bbox 874 1452 941 1516; x_wconf 84' lang='lat' dir='ltr'>iere</span> <span class='ocrx_word' id='word_1_67' title='bbox 970 1453 1029 1517; x_wconf 92' lang='lat' dir='ltr'>illa</span> <span class='ocrx_word' id='word_1_68' title='bbox 1059 1453 1319 1531; x_wconf 85' lang='lat' dir='ltr'>defenderent,e</span> 
     </span>
     <span class='ocr_line' id='line_1_11' title="bbox 224 1561 1282 1646; baseline -0.003 -18"><span class='ocrx_word' id='word_1_69' title='bbox 224 1564 311 1646; x_wconf 89' lang='lat' dir='ltr'>quod</span> <span class='ocrx_word' id='word_1_70' title='bbox 335 1565 369 1627; x_wconf 90' lang='grc'>61</span> <span class='ocrx_word' id='word_1_71' title='bbox 390 1562 508 1626; x_wconf 87' lang='lat' dir='ltr'>Zeno</span> <span class='ocrx_word' id='word_1_72' title='bbox 499 1582 536 1626; x_wconf 89' lang='lat' dir='ltr'>rn</span> <span class='ocrx_word' id='word_1_73' title='bbox 559 1563 628 1626; x_wconf 88' lang='lat' dir='ltr'>suis</span> <span class='ocrx_word' id='word_1_74' title='bbox 652 1563 896 1626; x_wconf 85' lang='lat' dir='ltr'>commentariis</span> <span class='ocrx_word' id='word_1_75' title='bbox 921 1562 1014 1642; x_wconf 90' lang='lat' dir='ltr'>quasi</span> <span class='ocrx_word' id='word_1_76' title='bbox 1038 1561 1164 1625; x_wconf 91' lang='lat' dir='ltr'>semina</span> <span class='ocrx_word' id='word_1_77' title='bbox 1182 1581 1282 1643; x_wconf 90' lang='lat' dir='ltr'>quae-</span> 
     </span>
     <span class='ocr_line' id='line_1_12' title="bbox 224 1668 1282 1753; baseline -0.005 -16"><span class='ocrx_word' id='word_1_78' title='bbox 224 1673 300 1737; x_wconf 92' lang='lat' dir='ltr'>dam</span> <span class='ocrx_word' id='word_1_79' title='bbox 323 1672 499 1753; x_wconf 88' lang='lat' dir='ltr'>sparsisset</span> <span class='ocrx_word' id='word_1_80' title='bbox 526 1672 559 1733; x_wconf 90' lang='lat' dir='ltr'>et</span> <span class='ocrx_word' id='word_1_81' title='bbox 583 1688 621 1734; x_wconf 89' lang='lat' dir='ltr'>ea</span> <span class='ocrx_word' id='word_1_82' title='bbox 644 1668 819 1734; x_wconf 76' lang='lat' dir='ltr'>Cleanthes</span> <span class='ocrx_word' id='word_1_83' title='bbox 843 1670 942 1752; x_wconf 89' lang='lat' dir='ltr'>paulo</span> <span class='ocrx_word' id='word_1_84' title='bbox 965 1670 1117 1735; x_wconf 86' lang='lat' dir='ltr'>uberiora</span> <span class='ocrx_word' id='word_1_85' title='bbox 1138 1670 1282 1748; x_wconf 83' lang='lat' dir='ltr'>iecisset,</span> 
     </span>
     <span class='ocr_line' id='line_1_13' title="bbox 225 1776 1283 1860; baseline -0.004 -15"><span class='ocrx_word' id='word_1_86' title='bbox 225 1781 365 1845; x_wconf 87' lang='lat' dir='ltr'>accessit</span> <span class='ocrx_word' id='word_1_87' title='bbox 393 1796 561 1842; x_wconf 88' lang='lat' dir='ltr'>acerrumo</span> <span class='ocrx_word' id='word_1_88' title='bbox 592 1780 642 1842; x_wconf 88' lang='lat' dir='ltr'>vir</span> <span class='ocrx_word' id='word_1_89' title='bbox 672 1778 815 1859; x_wconf 85' lang='lat' dir='ltr'>ingenio,</span> <span class='ocrx_word' id='word_1_90' title='bbox 846 1776 1061 1860; x_wconf 77' lang='lat' dir='ltr'>Chrysippus,</span> <span class='ocrx_word' id='word_1_91' title='bbox 1092 1779 1153 1859; x_wconf 73' lang='lat' dir='ltr'>qui·</span> <span class='ocrx_word' id='word_1_92' title='bbox 1178 1781 1283 1842; x_wconf 88' lang='lat' dir='ltr'>totam</span> 
     </span>
     <span class='ocr_line' id='line_1_14' title="bbox 226 1885 1282 1969; baseline -0.002 -18"><span class='ocrx_word' id='word_1_93' title='bbox 226 1889 264 1952; x_wconf 92' lang='grc'>(16</span> <span class='ocrx_word' id='word_1_94' title='bbox 290 1888 491 1951; x_wconf 83' lang='lat' dir='ltr'>divinatione</span> <span class='ocrx_word' id='word_1_95' title='bbox 516 1885 644 1951; x_wconf 91' lang='lat' dir='ltr'>duobus</span> <span class='ocrx_word' id='word_1_96' title='bbox 667 1887 762 1951; x_wconf 89' lang='lat' dir='ltr'>libris</span> <span class='ocrx_word' id='word_1_97' title='bbox 787 1886 962 1969; x_wconf 84' lang='lat' dir='ltr'>explicavit</span> <span class='ocrx_word' id='word_1_98' title='bbox 985 1887 1193 1962; x_wconf 87' lang='lat' dir='ltr'>sententiam,</span> <span class='ocrx_word' id='word_1_99' title='bbox 1217 1905 1282 1949; x_wconf 92' lang='lat' dir='ltr'>uno</span> 
     </span>
     <span class='ocr_line' id='line_1_15' title="bbox 225 1994 1283 2079; baseline -0.002 -20"><span class='ocrx_word' id='word_1_100' title='bbox 225 1998 394 2079; x_wconf 91' lang='lat' dir='ltr'>praeterea</span> <span class='ocrx_word' id='word_1_101' title='bbox 418 1994 457 2058; x_wconf 91' lang='lat' dir='ltr'>de</span> <span class='ocrx_word' id='word_1_102' title='bbox 480 1995 608 2071; x_wconf 86' lang='lat' dir='ltr'>oraclis,</span> <span class='ocrx_word' id='word_1_103' title='bbox 633 2013 698 2058; x_wconf 90' lang='lat' dir='ltr'>uno</span> <span class='ocrx_word' id='word_1_104' title='bbox 723 1994 762 2057; x_wconf 95' lang='grc'>(16</span> <span class='ocrx_word' id='word_1_105' title='bbox 787 1994 938 2070; x_wconf 88' lang='lat' dir='ltr'>somniis;</span> <span class='ocrx_word' id='word_1_106' title='bbox 963 2012 1060 2074; x_wconf 88' lang='lat' dir='ltr'>quem</span> <span class='ocrx_word' id='word_1_107' title='bbox 1079 1994 1283 2075; x_wconf 87' lang='lat' dir='ltr'>subsequens</span> 
     </span>
     <span class='ocr_line' id='line_1_16' title="bbox 227 2101 1283 2184; baseline -0.003 -16"><span class='ocrx_word' id='word_1_108' title='bbox 227 2123 329 2168; x_wconf 90' lang='lat' dir='ltr'>unum</span> <span class='ocrx_word' id='word_1_109' title='bbox 352 2103 476 2167; x_wconf 90' lang='lat' dir='ltr'>librum</span> <span class='ocrx_word' id='word_1_110' title='bbox 494 2102 698 2184; x_wconf 81' lang='lat' dir='ltr'>Babylonius</span> <span class='ocrx_word' id='word_1_111' title='bbox 722 2101 886 2182; x_wconf 86' lang='lat' dir='ltr'>Diogenes</span> <span class='ocrx_word' id='word_1_112' title='bbox 910 2101 1024 2179; x_wconf 87' lang='lat' dir='ltr'>edidit,</span> <span class='ocrx_word' id='word_1_113' title='bbox 1048 2103 1118 2166; x_wconf 87' lang='lat' dir='ltr'>eius</span> <span class='ocrx_word' id='word_1_114' title='bbox 1143 2102 1283 2177; x_wconf 91' lang='lat' dir='ltr'>auditor,</span> 
     </span>
     <span class='ocr_line' id='line_1_17' title="bbox 226 2209 1283 2294; baseline -0.002 -18"><span class='ocrx_word' id='word_1_115' title='bbox 226 2212 290 2277; x_wconf 92' lang='lat' dir='ltr'>duo</span> <span class='ocrx_word' id='word_1_116' title='bbox 303 2212 489 2294; x_wconf 84' lang='lat' dir='ltr'>Antipater,</span> <span class='ocrx_word' id='word_1_117' title='bbox 513 2211 659 2292; x_wconf 86' lang='lat' dir='ltr'>quinque</span> <span class='ocrx_word' id='word_1_118' title='bbox 682 2213 794 2274; x_wconf 92' lang='lat' dir='ltr'>noster</span> <span class='ocrx_word' id='word_1_119' title='bbox 806 2209 1015 2274; x_wconf 89' lang='lat' dir='ltr'>Posidonius.</span> <span class='ocrx_word' id='word_1_120' title='bbox 1051 2209 1114 2274; x_wconf 87' lang='lat' dir='ltr'>Sed</span> <span class='ocrx_word' id='word_1_121' title='bbox 1132 2209 1283 2274; x_wconf 88' lang='lat' dir='ltr'>aStoieis</span> 
     </span>
    </p>
   </div>
   <div class='ocr_carea' id='block_1_3' title="bbox 226 2318 1284 2839">
    <p class='ocr_par' dir='ltr' id='par_1_3' title="bbox 226 2318 1284 2839">
     <span class='ocr_line' id='line_1_18' title="bbox 226 2318 1283 2404; baseline -0.003 -19"><span class='ocrx_word' id='word_1_122' title='bbox 226 2322 278 2386; x_wconf 81' lang='lat' dir='ltr'>vel</span> <span class='ocrx_word' id='word_1_123' title='bbox 309 2321 463 2404; x_wconf 88' lang='lat' dir='ltr'>princeps</span> <span class='ocrx_word' id='word_1_124' title='bbox 492 2320 563 2383; x_wconf 88' lang='lat' dir='ltr'>eius</span> <span class='ocrx_word' id='word_1_125' title='bbox 595 2319 800 2402; x_wconf 84' lang='lat' dir='ltr'>disciplinae,</span> <span class='ocrx_word' id='word_1_126' title='bbox 831 2318 1002 2384; x_wconf 91' lang='lat' dir='ltr'>Posidonii</span> <span class='ocrx_word' id='word_1_127' title='bbox 1033 2319 1156 2397; x_wconf 88' lang='lat' dir='ltr'>doctor,</span> <span class='ocrx_word' id='word_1_128' title='bbox 1184 2320 1283 2384; x_wconf 89' lang='lat' dir='ltr'>disci-</span> 
     </span>
     <span class='ocr_line' id='line_1_19' title="bbox 226 2426 1284 2512; baseline -0.002 -19"><span class='ocrx_word' id='word_1_129' title='bbox 226 2430 326 2512; x_wconf 92' lang='lat' dir='ltr'>pulus</span> <span class='ocrx_word' id='word_1_130' title='bbox 359 2426 539 2509; x_wconf 87' lang='lat' dir='ltr'>Antipatri,</span> <span class='ocrx_word' id='word_1_131' title='bbox 580 2426 802 2508; x_wconf 84' lang='lat' dir='ltr'>degeneravit,</span> <span class='ocrx_word' id='word_1_132' title='bbox 841 2426 1031 2508; x_wconf 86' lang='lat' dir='ltr'>Panaetius,</span> <span class='ocrx_word' id='word_1_133' title='bbox 1072 2446 1133 2492; x_wconf 91' lang='lat' dir='ltr'>nec</span> <span class='ocrx_word' id='word_1_134' title='bbox 1172 2431 1284 2492; x_wconf 89' lang='lat' dir='ltr'>tamen</span> 
     </span>
     <span class='ocr_line' id='line_1_20' title="bbox 227 2534 1283 2628; baseline -0.001 -27"><span class='ocrx_word' id='word_1_135' title='bbox 227 2556 327 2628; x_wconf 87' lang='lat' dir='ltr'>ausus</span> <span class='ocrx_word' id='word_1_136' title='bbox 357 2537 407 2599; x_wconf 94' lang='lat' dir='ltr'>est</span> <span class='ocrx_word' id='word_1_137' title='bbox 429 2553 559 2615; x_wconf 85' lang='lat' dir='ltr'>negare,</span> <span class='ocrx_word' id='word_1_138' title='bbox 587 2535 654 2598; x_wconf 91' lang='lat' dir='ltr'>vim</span> <span class='ocrx_word' id='word_1_139' title='bbox 677 2554 748 2600; x_wconf 90' lang='lat' dir='ltr'>esse</span> <span class='ocrx_word' id='word_1_140' title='bbox 773 2535 953 2614; x_wconf 93' lang='lat' dir='ltr'>divinandi,</span> <span class='ocrx_word' id='word_1_141' title='bbox 983 2534 1041 2599; x_wconf 92' lang='lat' dir='ltr'>sed</span> <span class='ocrx_word' id='word_1_142' title='bbox 1070 2536 1220 2600; x_wconf 88' lang='lat' dir='ltr'>dubitare</span> <span class='ocrx_word' id='word_1_143' title='bbox 1249 2555 1283 2600; x_wconf 85' lang='lat' dir='ltr'>se</span> 
     </span>
     <span class='ocr_line' id='line_1_21' title="bbox 227 2642 1283 2725; baseline 0 -17"><span class='ocrx_word' id='word_1_144' title='bbox 227 2644 319 2708; x_wconf 83' lang='lat' dir='ltr'>dixit.</span> <span class='ocrx_word' id='word_1_145' title='bbox 354 2643 448 2721; x_wconf 81' lang='lat' dir='ltr'>Quod</span> <span class='ocrx_word' id='word_1_146' title='bbox 471 2644 521 2706; x_wconf 93' lang='lat' dir='ltr'>illi</span> <span class='ocrx_word' id='word_1_147' title='bbox 544 2645 580 2707; x_wconf 92' lang='lat' dir='ltr'>in</span> <span class='ocrx_word' id='word_1_148' title='bbox 602 2644 713 2725; x_wconf 88' lang='lat' dir='ltr'>aliqua</span> <span class='ocrx_word' id='word_1_149' title='bbox 734 2662 770 2707; x_wconf 87' lang='lat' dir='ltr'>re</span> <span class='ocrx_word' id='word_1_150' title='bbox 793 2644 1013 2708; x_wconf 88' lang='lat' dir='ltr'>invitissumis</span> <span class='ocrx_word' id='word_1_151' title='bbox 1035 2642 1154 2708; x_wconf 84' lang='lat' dir='ltr'>Stoicis</span> <span class='ocrx_word' id='word_1_152' title='bbox 1174 2643 1283 2708; x_wconf 88' lang='lat' dir='ltr'>Stoico</span> 
     </span>
     <span class='ocr_line' id='line_1_22' title="bbox 226 2751 1284 2839; baseline -0.002 -22"><span class='ocrx_word' id='word_1_153' title='bbox 226 2753 333 2817; x_wconf 86' lang='lat' dir='ltr'>facere</span> <span class='ocrx_word' id='word_1_154' title='bbox 360 2752 466 2829; x_wconf 88' lang='lat' dir='ltr'>licuit,</span> <span class='ocrx_word' id='word_1_155' title='bbox 495 2751 529 2815; x_wconf 94' lang='lat' dir='ltr'>id</span> <span class='ocrx_word' id='word_1_156' title='bbox 558 2770 617 2815; x_wconf 93' lang='lat' dir='ltr'>nos</span> <span class='ocrx_word' id='word_1_157' title='bbox 647 2754 684 2816; x_wconf 90' lang='lat' dir='ltr'>ut</span> <span class='ocrx_word' id='word_1_158' title='bbox 713 2752 749 2814; x_wconf 93' lang='lat' dir='ltr'>in</span> <span class='ocrx_word' id='word_1_159' title='bbox 776 2752 913 2832; x_wconf 88' lang='lat' dir='ltr'>reliquis</span> <span class='ocrx_word' id='word_1_160' title='bbox 942 2752 1039 2815; x_wconf 90' lang='lat' dir='ltr'>rebus</span> <span class='ocrx_word' id='word_1_161' title='bbox 1067 2752 1237 2839; x_wconf 81' lang='lat' dir='ltr'>faciamus,</span> <span class='ocrx_word' id='word_1_162' title='bbox 1265 2771 1284 2815; x_wconf 90' lang='lat' dir='ltr'>a</span> 
     </span>
    </p>
   </div>
   <div class='ocr_carea' id='block_1_4' title="bbox 224 3039 1317 4198">
    <p class='ocr_par' dir='ltr' id='par_1_4' title="bbox 224 3039 1287 3728">
     <span class='ocr_line' id='line_1_23' title="bbox 226 3039 1284 3111; baseline -0.001 -16"><span class='ocrx_word' id='word_1_163' title='bbox 226 3040 370 3111; x_wconf 87' lang='lat' dir='ltr'>opfattelse</span> <span class='ocrx_word' id='word_1_164' title='bbox 388 3040 418 3093; x_wconf 89' lang='lat' dir='ltr'>af</span> <span class='ocrx_word' id='word_1_165' title='bbox 435 3039 574 3095; x_wconf 69' lang='grc'><strong>8661111161</strong></span> <span class='ocrx_word' id='word_1_166' title='bbox 591 3039 744 3109; x_wconf 86' lang='lat' dir='ltr'>overfiedig.</span> <span class='ocrx_word' id='word_1_167' title='bbox 777 3041 890 3109; x_wconf 87' lang='lat' dir='ltr'>vellet]</span> <span class='ocrx_word' id='word_1_168' title='bbox 911 3057 977 3109; x_wconf 84' lang='lat' dir='ltr'>gar</span> <span class='ocrx_word' id='word_1_169' title='bbox 995 3040 1038 3108; x_wconf 81' lang='lat' dir='ltr'>sig</span> <span class='ocrx_word' id='word_1_170' title='bbox 1055 3039 1091 3092; x_wconf 91' lang='lat' dir='ltr'>ud</span> <span class='ocrx_word' id='word_1_171' title='bbox 1108 3041 1163 3095; x_wconf 86' lang='lat' dir='ltr'>for</span> <span class='ocrx_word' id='word_1_172' title='bbox 1183 3040 1225 3109; x_wconf 76' lang='lat' dir='ltr'>(Jf</span> <span class='ocrx_word' id='word_1_173' title='bbox 1243 3043 1284 3095; x_wconf 82' lang='grc'>31.</span> 
     </span>
     <span class='ocr_line' id='line_1_24' title="bbox 227 3130 1288 3202; baseline 0 -16"><span class='ocrx_word' id='word_1_174' title='bbox 227 3132 279 3200; x_wconf 80' lang='grc'>65).</span> <span class='ocrx_word' id='word_1_175' title='bbox 307 3130 418 3200; x_wconf 84' lang='lat' dir='ltr'>gravis</span> <span class='ocrx_word' id='word_1_176' title='bbox 436 3131 559 3199; x_wconf 86' lang='lat' dir='ltr'>auctor]</span> <span class='ocrx_word' id='word_1_177' title='bbox 577 3131 1288 3202; x_wconf 54' lang='grc' dir='ltr'><strong>16611116111611161(;].1Π.58.1191666]116116661116</strong></span> 
     </span>
     <span class='ocr_line' id='line_1_25' title="bbox 227 3220 1285 3296; baseline -0.002 -19"><span class='ocrx_word' id='word_1_178' title='bbox 227 3220 634 3296; x_wconf 77' lang='grc'><strong>666161661116666161116]</strong></span> <span class='ocrx_word' id='word_1_179' title='bbox 654 3220 844 3290; x_wconf 79' lang='grc' dir='ltr'><strong>116Μ6666116,</strong></span> <span class='ocrx_word' id='word_1_180' title='bbox 863 3222 1045 3276; x_wconf 88' lang='lat' dir='ltr'>Aristoteles&#39;s</span> <span class='ocrx_word' id='word_1_181' title='bbox 1063 3221 1182 3292; x_wconf 85' lang='lat' dir='ltr'>discipcl</span> <span class='ocrx_word' id='word_1_182' title='bbox 1209 3222 1285 3275; x_wconf 90' lang='lat' dir='ltr'>Hans</span> 
     </span>
     <span class='ocr_line' id='line_1_26' title="bbox 227 3310 1285 3382; baseline -0.001 -15"><span class='ocrx_word' id='word_1_183' title='bbox 227 3329 261 3382; x_wconf 88' lang='lat' dir='ltr'>og</span> <span class='ocrx_word' id='word_1_184' title='bbox 273 3312 428 3381; x_wconf 84' lang='lat' dir='ltr'>Kratippos</span> <span class='ocrx_word' id='word_1_185' title='bbox 431 3328 443 3364; x_wconf 90' lang='lat' dir='ltr'>s</span> <span class='ocrx_word' id='word_1_186' title='bbox 462 3311 631 3381; x_wconf 88' lang='lat' dir='ltr'>standpunkt</span> <span class='ocrx_word' id='word_1_187' title='bbox 642 3311 746 3365; x_wconf 88' lang='lat' dir='ltr'>ovcrfor</span> <span class='ocrx_word' id='word_1_188' title='bbox 759 3310 944 3367; x_wconf 89' lang='lat' dir='ltr'>divinationcu</span> <span class='ocrx_word' id='word_1_189' title='bbox 958 3329 1005 3367; x_wconf 89' lang='lat' dir='ltr'>var</span> <span class='ocrx_word' id='word_1_190' title='bbox 1020 3329 1084 3381; x_wconf 84' lang='lat' dir='ltr'>ogsa</span> <span class='ocrx_word' id='word_1_191' title='bbox 1071 3312 1261 3366; x_wconf 83' lang='lat' dir='ltr'>⁰Aristoteles</span> <span class='ocrx_word' id='word_1_192' title='bbox 1263 3330 1285 3382; x_wconf 87' lang='lat' dir='ltr'>s,</span> 
     </span>
     <span class='ocr_line' id='line_1_27' title="bbox 226 3401 1286 3471; baseline -0.001 -15"><span class='ocrx_word' id='word_1_193' title='bbox 226 3404 287 3457; x_wconf 88' lang='lat' dir='ltr'>hvis</span> <span class='ocrx_word' id='word_1_194' title='bbox 314 3418 377 3456; x_wconf 87' lang='lat' dir='ltr'>man</span> <span class='ocrx_word' id='word_1_195' title='bbox 403 3405 447 3456; x_wconf 93' lang='grc'>161</span> <span class='ocrx_word' id='word_1_196' title='bbox 471 3405 514 3456; x_wconf 87' lang='grc'>116</span> <span class='ocrx_word' id='word_1_197' title='bbox 532 3401 605 3456; x_wconf 88' lang='grc' dir='ltr'><strong>Ρ1((1.</strong></span> <span class='ocrx_word' id='word_1_198' title='bbox 629 3403 662 3456; x_wconf 85' lang='lat' dir='ltr'>de</span> <span class='ocrx_word' id='word_1_199' title='bbox 688 3403 766 3470; x_wconf 79' lang='lat' dir='ltr'>plac.</span> <span class='ocrx_word' id='word_1_200' title='bbox 787 3404 888 3471; x_wconf 79' lang='lat' dir='ltr'>philea.</span> <span class='ocrx_word' id='word_1_201' title='bbox 906 3404 937 3458; x_wconf 90' lang='lat' dir='ltr'>V.</span> <span class='ocrx_word' id='word_1_202' title='bbox 957 3405 986 3467; x_wconf 89' lang='lat'>1;</span> <span class='ocrx_word' id='word_1_203' title='bbox 1008 3420 1071 3457; x_wconf 85' lang='lat' dir='ltr'>men</span> <span class='ocrx_word' id='word_1_204' title='bbox 1092 3402 1137 3456; x_wconf 84' lang='lat' dir='ltr'>det</span> <span class='ocrx_word' id='word_1_205' title='bbox 1159 3406 1286 3456; x_wconf 83' lang='lat' dir='ltr'>stemmer</span> 
     </span>
     <span class='ocr_line' id='line_1_28' title="bbox 224 3491 1285 3564; baseline -0.001 -17"><span class='ocrx_word' id='word_1_206' title='bbox 224 3494 253 3563; x_wconf 91' lang='lat' dir='ltr'>jo</span> <span class='ocrx_word' id='word_1_207' title='bbox 274 3494 338 3547; x_wconf 84' lang='lat' dir='ltr'>ikke</span> <span class='ocrx_word' id='word_1_208' title='bbox 361 3492 422 3546; x_wconf 90' lang='lat' dir='ltr'>med</span> <span class='ocrx_word' id='word_1_209' title='bbox 446 3492 493 3546; x_wconf 88' lang='lat' dir='ltr'>det</span> <span class='ocrx_word' id='word_1_210' title='bbox 515 3491 624 3546; x_wconf 84' lang='lat' dir='ltr'>ovcnfor</span> <span class='ocrx_word' id='word_1_211' title='bbox 646 3496 730 3562; x_wconf 87' lang='lat' dir='ltr'>sagte.</span> <span class='ocrx_word' id='word_1_212' title='bbox 767 3493 955 3564; x_wconf 87' lang='lat' dir='ltr'>Cratippus]</span> <span class='ocrx_word' id='word_1_213' title='bbox 978 3511 1011 3548; x_wconf 91' lang='lat' dir='ltr'>en</span> <span class='ocrx_word' id='word_1_214' title='bbox 1028 3493 1223 3562; x_wconf 86' lang='lat' dir='ltr'>Peripatetiker</span> <span class='ocrx_word' id='word_1_215' title='bbox 1245 3493 1285 3546; x_wconf 87' lang='lat' dir='ltr'>fra</span> 
     </span>
     <span class='ocr_line' id='line_1_29' title="bbox 226 3573 1287 3654; baseline -0.001 -16"><span class='ocrx_word' id='word_1_216' title='bbox 226 3585 368 3654; x_wconf 74' lang='lat' dir='ltr'>Mitylene,</span> <span class='ocrx_word' id='word_1_217' title='bbox 392 3582 429 3639; x_wconf 90' lang='lat' dir='ltr'>M.</span> <span class='ocrx_word' id='word_1_218' title='bbox 449 3582 542 3638; x_wconf 81' lang='lat' dir='ltr'>Cicero</span> <span class='ocrx_word' id='word_1_219' title='bbox 560 3583 605 3637; x_wconf 91' lang='lat' dir='ltr'>lod</span> <span class='ocrx_word' id='word_1_220' title='bbox 623 3599 656 3636; x_wconf 91' lang='lat' dir='ltr'>en</span> <span class='ocrx_word' id='word_1_221' title='bbox 674 3583 716 3637; x_wconf 90' lang='lat' dir='ltr'>tid</span> <span class='ocrx_word' id='word_1_222' title='bbox 733 3573 799 3653; x_wconf 84' lang='lat' dir='ltr'>lang</span> <span class='ocrx_word' id='word_1_223' title='bbox 823 3585 865 3638; x_wconf 91' lang='lat' dir='ltr'>sin</span> <span class='ocrx_word' id='word_1_224' title='bbox 889 3601 937 3649; x_wconf 87' lang='lat' dir='ltr'>sen</span> <span class='ocrx_word' id='word_1_225' title='bbox 960 3584 1067 3638; x_wconf 83' lang='lat' dir='ltr'>studere</span> <span class='ocrx_word' id='word_1_226' title='bbox 1089 3583 1174 3638; x_wconf 89' lang='lat' dir='ltr'>under</span> <span class='ocrx_word' id='word_1_227' title='bbox 1194 3584 1257 3637; x_wconf 87' lang='lat' dir='ltr'>ham</span> <span class='ocrx_word' id='word_1_228' title='bbox 1275 3583 1287 3637; x_wconf 99' lang='grc'>1</span> 
     </span>
     <span class='ocr_line' id='line_1_30' title="bbox 226 3674 324 3728; baseline 0.01 -1"><span class='ocrx_word' id='word_1_229' title='bbox 226 3674 324 3728; x_wconf 86' lang='lat' dir='ltr'>Athen.</span> 
     </span>
    </p>

    <p class='ocr_par' dir='ltr' id='par_1_5' title="bbox 226 3762 1317 4198">
     <span class='ocr_line' id='line_1_31' title="bbox 227 3762 1317 3836; baseline -0.001 -18"><span class='ocrx_word' id='word_1_230' title='bbox 227 3762 413 3836; x_wconf 87' lang='lat' dir='ltr'>Antipater]</span> <span class='ocrx_word' id='word_1_231' title='bbox 434 3781 467 3818; x_wconf 91' lang='lat' dir='ltr'>en</span> <span class='ocrx_word' id='word_1_232' title='bbox 487 3765 593 3819; x_wconf 88' lang='lat' dir='ltr'>Stoiher</span> <span class='ocrx_word' id='word_1_233' title='bbox 610 3765 765 3820; x_wconf 86' lang='lat' dir='ltr'>fraTarsos.</span> <span class='ocrx_word' id='word_1_234' title='bbox 788 3769 900 3819; x_wconf 88' lang='lat' dir='ltr'>noster</span> <span class='ocrx_word' id='word_1_235' title='bbox 917 3765 1124 3834; x_wconf 87' lang='lat' dir='ltr'>Posidonius]</span> <span class='ocrx_word' id='word_1_236' title='bbox 1145 3765 1216 3817; x_wconf 71' lang='lat' dir='ltr'>amin</span> <span class='ocrx_word' id='word_1_237' title='bbox 1234 3781 1284 3818; x_wconf 90' lang='lat' dir='ltr'>ven</span> <span class='ocrx_word' id='word_1_238' title='bbox 1304 3778 1317 3817; x_wconf 98' lang='grc'>6</span> 
     </span>
     <span class='ocr_line' id='line_1_32' title="bbox 226 3852 1285 3927; baseline -0.002 -17"><span class='ocrx_word' id='word_1_239' title='bbox 226 3856 282 3912; x_wconf 86' lang='grc' dir='ltr'><strong>Ρ,(,</strong></span> <span class='ocrx_word' id='word_1_240' title='bbox 317 3856 393 3910; x_wconf 91' lang='lat' dir='ltr'>Hans</span> <span class='ocrx_word' id='word_1_241' title='bbox 407 3855 486 3927; x_wconf 75' lang='lat' dir='ltr'>¹vrerh</span> <span class='ocrx_word' id='word_1_242' title='bbox 507 3856 557 3910; x_wconf 91' lang='lat' dir='ltr'>har</span> <span class='ocrx_word' id='word_1_243' title='bbox 578 3860 658 3910; x_wconf 81' lang='lat' dir='ltr'>vaeret</span> <span class='ocrx_word' id='word_1_244' title='bbox 677 3855 793 3911; x_wconf 85' lang='lat' dir='ltr'>Cicero&#39;s</span> <span class='ocrx_word' id='word_1_245' title='bbox 817 3856 977 3910; x_wconf 86' lang='lat' dir='ltr'>hovedkilde</span> <span class='ocrx_word' id='word_1_246' title='bbox 999 3857 1032 3909; x_wconf 93' lang='lat' dir='ltr'>til</span> <span class='ocrx_word' id='word_1_247' title='bbox 1051 3857 1109 3910; x_wconf 88' lang='lat' dir='ltr'>lstc</span> <span class='ocrx_word' id='word_1_248' title='bbox 1131 3856 1185 3924; x_wconf 87' lang='lat' dir='ltr'>bog</span> <span class='ocrx_word' id='word_1_249' title='bbox 1206 3852 1236 3908; x_wconf 72' lang='lat' dir='ltr'>a&#39;f</span> <span class='ocrx_word' id='word_1_250' title='bbox 1252 3865 1285 3908; x_wconf 80' lang='grc'>(16</span> 
     </span>
     <span class='ocr_line' id='line_1_33' title="bbox 227 3945 1285 4016; baseline -0.005 -14"><span class='ocrx_word' id='word_1_251' title='bbox 227 3948 406 4002; x_wconf 75' lang='lat' dir='ltr'>divinatione.</span> <span class='ocrx_word' id='word_1_252' title='bbox 452 3946 641 4015; x_wconf 88' lang='lat' dir='ltr'>Panaetius]</span> <span class='ocrx_word' id='word_1_253' title='bbox 669 3947 752 4016; x_wconf 82' lang='lat' dir='ltr'>ifelge</span> <span class='ocrx_word' id='word_1_254' title='bbox 776 3947 855 4016; x_wconf 88' lang='lat' dir='ltr'>Diog.</span> <span class='ocrx_word' id='word_1_255' title='bbox 874 3947 962 4002; x_wconf 88' lang='lat' dir='ltr'>Laert.</span> <span class='ocrx_word' id='word_1_256' title='bbox 980 3947 1039 4001; x_wconf 86' lang='lat' dir='ltr'><strong>VII.</strong></span> <span class='ocrx_word' id='word_1_257' title='bbox 1063 3946 1113 4000; x_wconf 83' lang='lat'>149</span> <span class='ocrx_word' id='word_1_258' title='bbox 1131 3945 1285 4014; x_wconf 81' lang='lat' dir='ltr'>benaegtcde</span> 
     </span>
     <span class='ocr_line' id='line_1_34' title="bbox 226 4035 1285 4106; baseline -0.001 -16"><span class='ocrx_word' id='word_1_259' title='bbox 226 4038 281 4091; x_wconf 90' lang='lat' dir='ltr'>han</span> <span class='ocrx_word' id='word_1_260' title='bbox 304 4037 426 4106; x_wconf 84' lang='lat' dir='ltr'>ligefrem</span> <span class='ocrx_word' id='word_1_261' title='bbox 449 4036 475 4091; x_wconf 90' lang='lat' dir='ltr'>al</span> <span class='ocrx_word' id='word_1_262' title='bbox 497 4036 656 4092; x_wconf 88' lang='lat' dir='ltr'>divinaticn.</span> <span class='ocrx_word' id='word_1_263' title='bbox 693 4037 725 4091; x_wconf 94' lang='lat' dir='ltr'>id</span> <span class='ocrx_word' id='word_1_264' title='bbox 743 4054 801 4091; x_wconf 89' lang='lat' dir='ltr'>nos</span> <span class='ocrx_word' id='word_1_265' title='bbox 820 4040 856 4091; x_wconf 90' lang='lat' dir='ltr'>ut</span> <span class='ocrx_word' id='word_1_266' title='bbox 874 4080 880 4092; x_wconf 85' lang='lat'><strong>.</strong></span> <span class='ocrx_word' id='word_1_267' title='bbox 900 4081 906 4093; x_wconf 92' lang='lat'>.</span> <span class='ocrx_word' id='word_1_268' title='bbox 925 4037 942 4105; x_wconf 90' lang='lat'>.]</span> <span class='ocrx_word' id='word_1_269' title='bbox 961 4038 997 4092; x_wconf 90' lang='grc' dir='ltr'>Μ.</span> <span class='ocrx_word' id='word_1_270' title='bbox 1017 4037 1108 4092; x_wconf 83' lang='lat' dir='ltr'>Cicero</span> <span class='ocrx_word' id='word_1_271' title='bbox 1127 4052 1155 4090; x_wconf 92' lang='grc'>61</span> <span class='ocrx_word' id='word_1_272' title='bbox 1170 4035 1199 4104; x_wconf 90' lang='lat' dir='ltr'>jo</span> <span class='ocrx_word' id='word_1_273' title='bbox 1217 4036 1285 4089; x_wconf 89' lang='lat' dir='ltr'>Aha·</span> 
     </span>
     <span class='ocr_line' id='line_1_35' title="bbox 226 4125 1143 4198; baseline -0.001 -16"><span class='ocrx_word' id='word_1_274' title='bbox 226 4128 345 4182; x_wconf 86' lang='lat' dir='ltr'>demiher</span> <span class='ocrx_word' id='word_1_275' title='bbox 362 4144 397 4196; x_wconf 84' lang='lat' dir='ltr'>og</span> <span class='ocrx_word' id='word_1_276' title='bbox 414 4125 583 4181; x_wconf 84' lang='lat' dir='ltr'>forbeholder</span> <span class='ocrx_word' id='word_1_277' title='bbox 600 4127 643 4197; x_wconf 80' lang='lat' dir='ltr'>sig</span> <span class='ocrx_word' id='word_1_278' title='bbox 660 4144 718 4182; x_wconf 89' lang='lat' dir='ltr'>som</span> <span class='ocrx_word' id='word_1_279' title='bbox 737 4127 820 4182; x_wconf 78' lang='lat' dir='ltr'>sddan</span> <span class='ocrx_word' id='word_1_280' title='bbox 838 4145 871 4182; x_wconf 89' lang='lat' dir='ltr'>cn</span> <span class='ocrx_word' id='word_1_281' title='bbox 890 4128 1012 4198; x_wconf 86' lang='lat' dir='ltr'>skeptisk</span> <span class='ocrx_word' id='word_1_282' title='bbox 1030 4127 1143 4196; x_wconf 82' lang='lat' dir='ltr'>stilling.</span> 
     </span>
    </p>
   </div>
   <div class='ocr_carea' id='block_1_5' title="bbox 0 0 1480 4625">
    <p class='ocr_par' dir='ltr' id='par_1_6' title="bbox 0 0 1480 4625">
     <span class='ocr_line' id='line_1_36' title="bbox 0 0 1480 4625; baseline 0 0"><span class='ocrx_word' id='word_1_283' title='bbox 0 0 1480 4625; x_wconf 95' lang='lat' dir='ltr'> </span> 
     </span>
    </p>
   </div>
  </div>
 </body>
</html>
