2942 4625
234 377 296 436 120
499 385 694 442 CICERONIS
712 385 762 439 DI}
781 384 1023 440 DIVINATIONE

234 608 253 652 a
267 587 406 651 Platone
422 587 694 670 philosophiaque
711 583 900 661 didiceram,
921 585 1088 648 naturales
1104 602 1175 648 esse
1192 603 1291 665 quas·

234 697 310 760 dam
332 694 560 759 conversiones
582 692 926 774 rerumpublicarum,
950 693 988 755 ut
1003 710 1060 755 eae
1076 693 1149 755 tum
1165 710 1183 755 a
1198 693 1290 773 prin-

235 804 363 886 cipibus
386 804 588 878 tenerentur,
611 803 683 864 tum
707 819 725 864 a
746 799 887 882 populis,
911 798 1088 880 aliquando
1104 819 1123 864 a
1138 799 1290 879 singulis.

198 912 215 965 7
234 910 328 990 Quod
352 929 427 974 cum
450 908 624 973 aooidisset
646 910 778 972 nostrae
801 907 1029 989 reipublicae,
1052 909 1125 971 tum
1139 907 1291 988 pristinis

234 1019 341 1084 orbati
363 1016 555 1081 muneribus
578 1015 659 1079 haec
683 1014 794 1079 studia
816 1033 971 1079 renovare
995 1016 1173 1096 coepimus,
1196 1015 1291 1077 utet

234 1127 363 1191 animus
393 1124 553 1189 molestiis
575 1123 637 1186 hac
660 1123 871 1204 potissimum
892 1140 926 1185 re
949 1122 1114 1186 levaretur
1136 1123 1169 1185 et
1191 1120 1291 1203 prod·

234 1252 379 1297 essemus
403 1232 530 1295 civibus
552 1231 685 1308 nostris,
710 1249 776 1310 qua
797 1247 832 1293 re
856 1248 995 1311 cumque
1018 1248 1199 1313 possemus.
1250 1227 1290 1292 In

233 1340 326 1404 libris
343 1339 430 1403 enirn
447 1339 645 1403 sententiam
662 1337 861 1414 dicebamus,
882 1337 1163 1414 contionabamur,
1182 1337 1290 1419 philo-

235 1447 383 1529 sophiam
407 1445 508 1510 nobis.
522 1464 579 1528 pro
595 1445 643 1508 rei
659 1445 811 1527 publicae
827 1446 1057 1527 procuratione
1074 1445 1291 1509 substitutam

234 1554 442 1637 putabamus.
476 1553 573 1617 Nunc
596 1554 752 1634 quoniam
776 1552 814 1616 de
837 1571 872 1615 re
888 1553 1022 1635 publica
1038 1553 1166 1617 consuli
1182 1552 1291 1634 coepti

234 1681 359 1738 sumus,
382 1660 558 1725 tribuenda
581 1664 631 1724 est
654 1678 753 1743 opera
774 1661 822 1723 rei
845 1660 1007 1742 publicae,
1031 1661 1083 1724 vel
1106 1660 1212 1724 omnis
1232 1677 1290 1741 po·

233 1771 301 1833 tius
325 1770 360 1832 iu
383 1787 420 1832 ea
439 1769 595 1848 cogitatio
613 1769 646 1830 et
664 1768 917 1850 cumponenda,
940 1771 1071 1831 tantum
1086 1766 1165 1830 huic
1181 1765 1290 1830 studio
1342 1754 1345 1758 ’

234 1875 496 1957 relinquendum,
521 1877 682 1956 quantum
704 1875 836 1939 racabIt
855 1894 873 1939 a
891 1875 1023 1957 publico
1042 1874 1150 1938 officio
1169 1876 1202 1938 et
1217 1893 1290 1937 mu·

154 2066 156 2069 ⁸
235 2002 322 2047 nere.
378 1982 441 2047 Sed
474 1984 555 2047 haec
589 1983 670 2046 alias
704 1981 870 2062 pluribus3
904 2000 993 2045 nunc
1026 1982 1067 2046 ad
1101 1982 1291 2045 institutam

236 2090 495 2174 disputationem
517 2092 728 2154 revertamur.

198 2158 217 2291 ξ
299 2198 383 2262 Nam
412 2216 488 2261 cum
518 2198 557 2261 de
586 2196 789 2261 divinatione
816 2195 961 2274 Quintus
990 2196 1093 2260 frater
1120 2215 1163 2260 ea
1186 2195 1290 2260 disse-

234 2307 366 2383 ruisset,
391 2324 474 2387 quae
498 2306 664 2387 superiore
688 2304 772 2370 libro
796 2305 920 2387 scripta
943 2307 1031 2384 sunt,
1056 2305 1201 2386 satisque
1221 2324 1290 2367 am-

235 2415 387 2479 bulatum
414 2413 591 2491 rideretur,
619 2415 692 2476 tum
720 2414 756 2477 in
784 2413 994 2491 bibliotheca,
1026 2415 1166 2494 quaein
1190 2413 1290 2494 Lycio

236 2525 296 2601 est,
326 2521 524 2587 adsedimus.
569 2522 677 2601 Atque
701 2539 776 2601 ego:
806 2520 971 2584 ‘adcurate
994 2523 1032 2584 tu
1056 2519 1207 2602 quidem,'
1237 2521 1289 2581 in·

236 2648 344 2711 quam,
374 2627 515 2707 ‘Quinta
545 2631 578 2691 et
602 2626 710 2692 Stoice
734 2626 919 2692 Stoicorum
950 2630 1150 2692 sententiam
1176 2626 1289 2690 deien-

236 2737 325 2816 disti,
360 2736 512 2818 quodque
546 2754 596 2799 me
629 2737 767 2799 maxime
797 2735 948 2812 delectat,
982 2735 1134 2817 plurimis
1167 2734 1289 2798 nostris

235 3043 251 3079 a
269 3025 422 3093 Platone]
440 3026 524 3079 πολιτ.
538 3024 611 3078 VIII.
630 3024 654 3078 3.
674 3042 698 3093 p.
714 3024 773 3077 546.
800 3022 1026 3091 principibus]
1048 3025 1092 3075 »et
1109 3022 1289 3076 an'stolrrati«.

203 3125 215 3164 7
235 3114 445 3182 muneribus]
468 3116 553 3169 »mine
568 3131 707 3183 opgaven,
729 3114 800 3166 »min
813 3112 940 3181 poIItiske
953 3112 1137 3166 virksomhed«
1150 3112 1288 3181 (thelsb.

237 3205 302 3260 Lat.
321 3206 376 3260 at⁸
393 3222 417 3274 p.
437 3206 488 3274 70).
521 3205 732 3259 sententiam
752 3203 958 3271 dicebamus]
977 3202 1122 3272 udtrylrker
1136 3206 1290 3256 senatorens
1353 3243 1356 3248 .

235 3295 412 3350 rirlrsomhed.
456 3295 517 3350 Sed
541 3295 623 3348 haec
646 3296 736 3348 alias
760 3294 930 3363 pluribus]
953 3294 1008 3348 Der
1032 3295 1116 3363 sIgt'es
1140 3293 1232 3347 misle
1256 3294 1290 3346 til

237 3388 270 3441 de
288 3388 333 3454 off.
352 3387 380 3440 11
398 3386 598 3454 indledningen.

201 3446 315 3555 {Nam
334 3494 405 3530 curn
424 3521 430 3531 .
450 3521 455 3532 .
475 3477 493 3546 .]
521 3478 615 3530 Denne
643 3477 759 3544 saetning
781 3476 923 3529 rnotiverer
946 3475 1022 3528 ordet
1044 3477 1213 3530 inamaricat:
1238 3474 1289 3527 dis·

235 3571 331 3636 putten
349 3584 396 3620 var
414 3567 503 3629 endnu
521 3567 583 3621 ikke
601 3567 707 3636 fardig3
732 3566 767 3619 da
784 3565 888 3619 nemli
894 3580 913 3633 g
930 3565 986 3617 min
1004 3564 1099 3618 broder
1118 3607 1123 3619 .
1143 3608 1148 3619 .
1169 3608 1188 3619 ..
1233 3582 1290 3618 am-

235 3658 402 3726 bulatum]
426 3658 489 3710 Man
514 3657 626 3722 erindre,
648 3660 677 3710 at
696 3656 813 3721 Quintus
837 3655 886 3708 har
910 3654 1031 3708 udvilrlet
1054 3655 1096 3708 sin
1119 3656 1229 3724 mening
1246 3673 1289 3708 om

236 3748 420 3803 divinationen
443 3747 477 3815 pt
499 3763 533 3800 en
557 3750 708 3816 spaseretur
730 3747 740 3799 i
758 3747 873 3815 Lyceum
892 3744 923 3814 (I.
942 3746 965 3800 5.
984 3745 1020 3813 8).
1065 3745 1179 3814 Lycio]
1207 3745 1291 3801 Ordet

236 3843 324 3893 stares
345 3838 466 3907 Lyceum
483 3837 493 3889 i
510 3837 533 3890 I.
552 3838 576 3891 5.
595 3837 619 3891 8,
662 3836 787 3904 Stoice]
809 3835 901 3889 Cicero
925 3834 1038 3888 omtaler
1061 3834 1116 3889 ofte
1135 3836 1289 3891 Stcikemes

236 3926 511 3996 fremstillingsmtde,
535 3926 639 3980 siledes
661 3928 740 3982 Brut.
759 3926 800 3979 31.
820 3925 878 3994 118,
901 3925 968 3978 bvor
990 3925 1044 3978 han
1063 3925 1141 3995 sigor,
1165 3930 1194 3980 at
1211 3927 1243 3980 de
1261 3944 1290 3980 er

231 4019 489 4084 prudentissimis
507 4018 675 4086 decurrendo,
691 4033 761 4069 ¹meu
780 4017 865 4070 cidem
883 4017 1008 4070 traducti
1024 4033 1042 4070 u
1061 4017 1231 4085 disputando
1250 4019 1289 4072 ad

236 4108 382 4159 <licendum
404 4109 509 4175 inopes.
550 4108 606 4161 Her
628 4108 729 4161 taenlres
753 4106 938 4160 udeluklrende
962 4105 997 4174 pt
1020 4106 1071 4159 den
1094 4107 1205 4160 rosende
1223 4108 1289 4177 side,
