2942 4625
224 306 264 365 56
489 317 684 373 CICERONIS
701 317 752 373 DE
770 316 1013 373 DIVINATIONE

224 518 298 583 lusa
321 519 496 582 oernimus.
529 517 623 596 Vide,
648 518 729 601 quid
753 517 903 581 Soorates
926 517 961 580 in
983 515 1134 581 Platonis
1157 515 1281 580 Politia

224 627 388 706 loquatur.
423 626 513 690 Dicit
536 628 634 704 enim,
658 633 743 690 ‘oum
763 625 1002 690 dormientibus
1022 643 1059 688 ea
1075 644 1151 707 pars
1167 625 1279 700 animi,

225 753 308 815 quae
336 734 457 798 mentis
486 736 519 798 at
545 735 684 800 rationis
708 734 752 798 sit
776 734 952 815 particeps,
982 731 1089 814 sopita
1111 733 1279 813 langueat,

224 844 282 907 illa
309 846 429 919 autem,
459 843 494 905 in
525 861 589 923 qua
618 842 733 906 feritas
763 840 924 922 quaedam
951 840 995 905 sit
1018 844 1117 921 atque
1140 841 1279 920 agrestis

224 951 413 1027 inmanitas,
443 967 517 1013 oum
541 952 585 1015 sit
607 949 811 1014 inmoderato
835 947 1054 1013 extumefaota
1076 952 1158 1030 potu
1181 950 1278 1029 atque

224 1065 332 1141 pastu,
361 1058 523 1122 exsultare
554 1076 625 1122 eam
654 1059 690 1122 in
718 1075 832 1122 somno
863 1055 1130 1137 inmoderateque
1153 1056 1279 1119 laetari.

223 1167 341 1248 Itaque
370 1166 448 1229 huie
480 1167 590 1230 omnia
612 1167 683 1230 visa
705 1165 896 1229 obiciuntur
919 1182 937 1228 a
958 1167 1068 1228 mente
1092 1180 1130 1227 ae
1152 1164 1279 1226 ratione

224 1292 337 1351 vaona,
366 1275 404 1337 ut
432 1276 490 1336 aut
518 1292 593 1337 eum
619 1276 723 1338 matre
748 1290 866 1356 eorpus
889 1273 1026 1336 miseere
1049 1271 1281 1335 videaturaut

225 1402 300 1446 eum
323 1383 439 1462 quovis
462 1382 526 1445 alio
549 1382 754 1446 vel-homine
775 1380 913 1458 valdee,
937 1398 1034 1462 saepe
1049 1379 1156 1457 belua,
1181 1380 1279 1458 atque

224 1490 324 1554 etiam
352 1489 518 1554 trucidare
548 1490 692 1571 aliquem
721 1492 755 1553 et
784 1489 885 1570 impie
915 1488 1082 1552 cruentari
1110 1486 1280 1566 multaque

224 1599 330 1663 laoere
353 1600 471 1680 inpure
494 1600 593 1679 atque
612 1600 716 1662 taetre
733 1614 809 1660 oum
823 1598 1009 1660 temeritate
1026 1598 1059 1659 et
1074 1592 1280 1676 inpudentia.

172 1717 201 1770 61
224 1710 268 1771 At
292 1709 349 1788 qui
372 1706 497 1771 salubri
520 1709 553 1769 et
574 1705 743 1770 moderato
766 1704 860 1769 oultu
883 1706 981 1784 atque
1004 1704 1095 1767 vietu
1119 1701 1223 1784 quieti
1246 1718 1281 1764 se

224 1814 398 1880 tradiderit
427 1832 465 1877 ea
493 1817 585 1896 parte
617 1813 728 1890 animi,
760 1831 842 1894 quae
865 1811 986 1875 mentis
1010 1814 1043 1875 et
1066 1808 1197 1874 eonsilii
1220 1810 1280 1884 ost,

226 1924 351 2004 agitata
389 1924 422 1986 et
437 1901 568 1985 ”ereata
601 1923 815 2001 saturataque
848 1919 1009 1984 bonarum
1042 1917 1281 1999 eogitationum

160 2061 167 2072 ·
225 2031 342 2113 epulis,
372 2047 474 2110 eaque
503 2032 596 2110 parte
627 2029 739 2107 animi,
768 2046 850 2109 quae
880 2028 1051 2109 voluptate
1079 2026 1190 2101 alitur,
1220 2040 1282 2086 nee

224 2140 337 2221 inopia
359 2140 474 2202 eneota
493 2155 555 2201 neo
571 2137 723 2201 satietate
740 2136 877 2200 afluenti
892 2172 934 2183 -
950 2153 1088 2216 quorum
1103 2136 1280 2212 utrumque

225 2247 466 2328 praestringere
498 2245 602 2307 aoiem
630 2245 757 2317 mentis
788 2245 881 2321 solet,
916 2244 983 2307 sive
1018 2242 1110 2306 deest
1143 2243 1280 2304 naturae

1048 2415 1280 2424 ———-———-

123 2541 124 2544 =
224 2510 454 2564 lassedemavem
475 2510 507 2561 in
517 2508 823 2578 PlatonisPolitia]
834 2510 880 2564 IX.
891 2510 914 2578 1,
924 2526 949 2579 p.
959 2509 1018 2563 571.
1038 2507 1243 2563 Oversaettelsen
1254 2522 1281 2558 er

224 2603 281 2655 hist
299 2618 334 2670 og
350 2601 398 2654 ber
412 2602 494 2668 nogat
507 2599 548 2653 fri.
577 2616 658 2669 quae
676 2601 798 2654 mentis
817 2604 850 2654 et
866 2601 1011 2654 rationis
1031 2600 1078 2653 sit
1096 2596 1280 2667 particeps]

224 2691 288 2746 ὅσον
310 2684 462 2764 λογιστικὸν
484 2692 529 2744 καὶ
547 2688 653 2765 ἥμερον
670 2694 715 2746 καὶ
732 2686 822 2766 ὄρχον
839 2690 952 2759 ἐκείνου,
973 2690 1081 2744 modsat
1098 2683 1127 2744 τὸ
1145 2686 1281 2761 θηριῶδές

225 2803 254 2838 rs
277 2785 322 2837 καὶ
344 2777 450 2857 ἄγριον.
486 2782 529 2835 Til
550 2799 676 2837 narmere
698 2783 838 2837 forsttelse
860 2781 1000 2835 hidsaettes
1023 2783 1051 2834 et
1071 2780 1153 2834 andet
1176 2777 1236 2832 sted
1253 2776 1283 2830 af

225 2873 317 2928 Cicero
336 2873 426 2941 (Tuae.
446 2873 467 2927 I.
487 2873 527 2927 10.
546 2873 603 2941 20>÷
624 2875 706 2928 Plato
725 2875 859 2941 triplicem
877 2873 962 2937 finxit
976 2874 1098 2926 animum
1114 2869 1279 2937 (hosPlaton

223 2964 323 3018 bedder
342 2964 434 3017 dolone
452 2955 539 3035 λόγος,
563 2955 654 3037 θυμός
672 2980 707 3032 og
724 2961 878 3036 ἐπιθυμία),
903 2965 982 3016 caius
996 2964 1197 3030 principatum,
1219 2962 1238 3013 i.
1259 2976 1279 3012 e.
1341 3021 1343 3024 ¹

222 3057 367 3123 rationem,
385 3057 415 3107 in
435 3055 525 3122 eapite
543 3056 615 3109 sicia
630 3055 661 3107 ia
679 3069 744 3107 aree
760 3055 865 3120 posuit,
893 3061 919 3108 et
935 3053 1118 3120 decoopertis
1137 3053 1162 3105 ei
1175 3066 1281 3119 parere

222 3147 317 3210 uoluit,
341 3147 414 3197 iram
433 3152 459 3199 et
476 3145 666 3212 cupiditatem,
691 3159 763 3211 qaas
779 3145 838 3199 auis
856 3144 933 3206 toas,
957 3145 1029 3198 iram
1047 3145 1077 3196 ia
1090 3150 1211 3211 pectore,
1235 3159 1279 3194 aa·

218 3237 368 3304 piditotem
386 3236 479 3289 subter
494 3235 666 3303 praecordia
685 3235 794 3288 locabit.
823 3235 863 3288 Do
880 3237 909 3288 to
928 3234 1013 3288 sidste
1031 3234 1089 3288 dele
1108 3251 1135 3287 er
1149 3233 1198 3286 her
1211 3233 1279 3299 (som

226 3329 303 3381 Taso.
322 3327 368 3380 IV.
387 3326 411 3381 ὅ.
431 3326 475 3394 10)
494 3324 582 3378 sldede
601 3341 721 3378 sammon
738 3324 773 3377 til
791 3329 832 3379 en.
876 3342 944 3379 oum
967 3326 1012 3378 sit
1031 3368 1036 3379 .
1056 3368 1062 3379 .
1082 3324 1100 3394 .]
1119 3324 1201 3377 Dette
1220 3339 1279 3377 eam

222 3434 250 3471 er
267 3417 326 3471 blot
344 3417 499 3486 gentegelse
521 3415 551 3470 af
566 3415 613 3469 det
629 3415 719 3470 terete.
760 3415 987 3484 extumefaota]
1010 3433 1045 3484 er,
1068 3433 1111 3468 om
1133 3414 1180 3467 det
1201 3414 1279 3467 ellers

223 3527 250 3562 ei·
272 3509 370 3577 rigtigt
391 3507 448 3575 (det
470 3524 498 3560 er
519 3507 610 3560 indsat
631 3506 682 3560 ved
704 3505 867 3574 konjelrtnr)‚
895 3509 923 3559 et
943 3502 1016 3561 ἅπαξ
1033 3506 1191 3580 εἰρημένον;
1218 3520 1279 3556 mon

223 3599 340 3652 sidanne
358 3598 455 3651 traeffes
471 3597 583 3665 jaevnlig
600 3598 610 3650 i
628 3599 761 3651 eversatte
780 3596 876 3651 stodor.
921 3596 1122 3665 obiciuntur]
1140 3594 1280 3662 Pludselig

223 3704 356 3757 overgang
377 3687 411 3741 til
433 3687 522 3742 direkt
545 3687 608 3742 tale.
652 3688 787 3741 miscere
811 3686 972 3754 videatur]
995 3702 1032 3740 oo.
1056 3687 1117 3740 sibi.
1161 3685 1197 3740 Jf.
1224 3684 1278 3738 Sol.

225 3779 282 3833 Old.
303 3770 362 3852 rv‘p.
381 3779 430 3833 981
451 3778 478 3847 l,
498 3778 571 3833 Suet.
593 3778 669 3833 Gaas.
688 3777 713 3832 7.

176 3886 202 3924 ei
223 3870 445 3938 Atqui-tum
472 3869 611 3936 eveniet]
639 3866 805 3922 anakoluthi.
850 3867 1006 3937 afluenti]
1034 3867 1085 3941 Qm
1113 3870 1218 3934 afluere
1245 3883 1280 3935 og

224 3961 341 4026 affluere
363 3977 391 4014 se
413 3960 547 4014 Dombart
564 3959 574 4011 i
591 3975 662 4012 aeae
673 3959 770 4025 pobrb.
788 3961 808 4024 f.
822 3959 920 4026 philol.
941 3957 1010 4011 1877
1027 3974 1053 4027 p.
1071 3958 1121 4012 341
1141 3958 1168 4014 ff.
1210 3959 1278 4012 sive

224 4049 464 4118 deest-afluit]
489 4049 567 4103 Eitea
585 4065 701 4118 quorum
718 4057 865 4117 utrumque
883 4049 939 4102 stdr
957 4049 1028 4104 disse
1046 4049 1093 4102 ord
1111 4052 1192 4119 neget
1209 4049 1279 4118 pleo-
