2942 4625
223 343 286 404 134
505 356 700 412 CICERONIS
718 357 769 410 DE
788 357 1031 412 DIVINATIONE

221 558 281 632 est,
309 574 347 619 ea
374 558 432 619 aut
455 573 662 620 cumrerum
684 560 804 620 natura
826 575 897 621 esse
921 558 1097 622 eoniuneta
1120 562 1178 622 aut
1201 577 1279 624 eon-

220 663 354 727 formari
388 662 529 743 quodam
562 664 658 728 modo
692 666 827 727 numine
858 663 991 727 deornm
1026 667 1122 746 vique
1157 667 1278 731 divina.

221 770 303 834 Cum
332 789 442 834 rerum
471 774 591 835 natura
619 774 713 835 tanta
743 774 876 852 tamque
905 773 1073 853 praeolara
1101 775 1136 837 in
1166 794 1278 839 omnes

221 882 331 961 partes
354 880 529 959 motusque
553 878 672 943 diffusa
693 878 772 960 quid
788 878 907 942 habere
924 881 1033 961 potest
1049 898 1220 945 eommune
1236 919 1278 929 -

220 1006 286 1050 non
310 987 417 1050 diuam
440 987 658 1066 gallinaeeum
682 985 726 1049 fel
750 986 843 1070 (sunt
866 989 963 1063 enim,
988 989 1044 1068 qui
1067 988 1118 1051 vel
1134 990 1278 1068 argutis-

220 1096 303 1159 sima
330 1096 415 1175 haee
434 1100 507 1157 exta
530 1112 600 1157 esse
624 1093 761 1177 disant),
793 1093 849 1158 sed
873 1096 960 1158 tauri
984 1095 1084 1176 opimi
1107 1096 1198 1159 ieeur
1221 1101 1278 1160 aut

220 1220 275 1266 eor
309 1205 366 1266 aut
399 1202 513 1284 pulmo
547 1201 625 1282 quid
660 1201 759 1264 habet
792 1203 952 1279 naturale,
992 1203 1077 1283 quod
1113 1202 1278 1267 deelanare

220 1312 335 1391 possit,
368 1310 446 1390 quid
475 1308 625 1373 futurum
648 1310 715 1372 sit?
765 1309 973 1373 Democritus
1002 1312 1114 1374 tamen
1136 1330 1202 1374 non
1225 1313 1277 1375 in-

220 1418 302 1481 seite
329 1421 484 1497 nugatur,
515 1420 552 1479 ut
580 1417 748 1498 physicus,
780 1434 843 1497 quo
868 1435 985 1496 genero
1009 1418 1093 1481 nihil
1116 1418 1277 1498 adrogan-

219 1526 302 1589 tius:

283 1632 370 1713 quoe
394 1634 543 1696 estante
567 1631 676 1713 pedes,
701 1630 797 1694 nemo
821 1633 959 1712 spectat,
983 1629 1067 1694 eaeli
1086 1633 1279 1696 serutantur

1034 1738 1148 1819 plagas
1171 1777 1213 1787 -

218 1865 333 1909 verum
365 1847 394 1909 is
427 1848 538 1909 tamen
577 1846 694 1909 habitu
728 1849 875 1910 extorum
909 1849 942 1909 et
975 1846 1082 1910 oolore
1118 1846 1277 1912 deelarari
1349 1874 1351 1881 ⁴
1455 1848 1456 1863 ¹

218 1957 330 2018 censet
352 1954 432 2017 haee
456 1953 639 2017 dumtaxat:
663 1955 684 2034 †
708 1940 826 2035 pabuli
846 1972 950 2033 genus
973 1956 1006 2017 et
1029 1972 1141 2017 earnm
1156 1974 1275 2033 rerum,

218 2081 299 2142 quas
322 2064 409 2124 terna
433 2064 591 2143 procreet,
615 2062 667 2124 vel
684 2061 868 2124 ubertatem
885 2061 936 2124 vel
951 2062 1163 2137 tenuitatem3
1187 2063 1276 2126 salu-

217 2170 374 2233 britatem
401 2169 501 2232 etiam
531 2171 588 2232 aut
612 2170 835 2250 pestilentiam
861 2171 943 2232 extis
967 2169 1147 2249 significari
1169 2175 1276 2252 putat.

218 2275 244 2341 Ο
271 2277 444 2340 mortalem
473 2276 621 2340 beatum!
652 2277 706 2340 eui
737 2279 825 2340 eento
857 2277 924 2341 seio
954 2276 1071 2341 ludum
1094 2296 1273 2359 numquam

218 2384 377 2457 defuisse;
400 2384 544 2448 hunnine
568 2385 733 2449 hominem
756 2388 886 2448 tantum
910 2385 962 2448 his
987 2384 1188 2448 delectatum
1205 2405 1275 2450 esse

162 1279 200 1338 13

167 1360 203 1414 30

171 2654 197 2695 oo
218 2632 486 2701 ea—ooniuneta]
507 2649 534 2685 se
552 2631 629 2700 udgs
648 2632 703 2685 alh.
723 2634 732 2684 i
751 2632 815 2686 filol.
834 2632 952 2701 tidsskr.‚
970 2632 1031 2701 adje
1049 2650 1069 2687 r.
1088 2633 1118 2687 Π
1135 2650 1160 2701 p.
1173 2634 1214 2688 33.
1242 2635 1275 2686 in

217 2741 328 2778 omnes
353 2726 468 2792 partes
490 2726 665 2790 motusque
690 2722 835 2791 diffusa]
857 2739 929 2776 »som
948 2722 1079 2777 udbreder
1096 2725 1139 2792 sig
1157 2741 1218 2777 over
1235 2726 1273 2792 (οε

215 2819 287 2885 ytrer
306 2815 348 2882 sig
365 2815 383 2882 i,
401 2814 490 2882 griber
507 2813 555 2867 ind
572 2814 593 2880 i)
608 2813 659 2866 alle
674 2812 745 2865 siden
760 2812 790 2865 af
803 2813 963 2867 tilvaerelsen
978 2813 1275 2880 ogenhverbevaegelse

216 2912 254 2973 (oz
278 2904 444 2973 forandring)
467 2906 476 2956 i
500 2904 576 2958 dent.
621 2903 675 2956 vel
700 2902 936 2976 argutissima]
965 2904 1031 2957 »den
1049 2904 1272 2959 allersubtileste‹

217 2997 289 3065 slago
311 2993 448 3057 indvolde;
473 2994 618 3062 udtrykket
641 3010 669 3046 er
692 2993 823 3047 ibenbart
847 2994 989 3063 spagende,
1015 2994 1086 3047 hvad
1112 2995 1275 3048 kommenta-

215 3091 320 3140 toreme
338 3086 401 3139 ikke
419 3084 468 3138 har
485 3084 636 3138 bemaerket.
663 3085 755 3137 tauri
774 3086 879 3153 opimi
897 3085 988 3138 iecur
1008 3127 1013 3139 .
1033 3128 1039 3138 .
1058 3085 1075 3154 .]
1094 3101 1199 3139 naevnes
1217 3102 1274 3139 sem

217 3177 262 3231 det
281 3180 386 3244 sterste‚
404 3175 593 3242 haruspicinen
611 3173 652 3226 far
670 3178 699 3227 at
717 3191 781 3243 gere
799 3175 868 3242 med,
887 3191 948 3227 men
966 3176 976 3228 i
994 3175 1082 3243 evrigt
1097 3176 1159 3229 med
1174 3177 1275 3245 saerligt

216 3267 328 3320 henblik
346 3266 380 3335 pia
398 3265 576 3333 fortaellingen
595 3265 615 3318 Ι.
635 3265 675 3318 52.
698 3265 755 3319 119.

165 3335 429 3445 &Democritus
457 3355 776 3424 tamen-phySIous]
807 3355 855 3408 ai).
883 3356 959 3409 rebar
986 3356 1039 3424 dog
1061 3372 1147 3424 nogen
1172 3356 1275 3409 fornuft

215 3449 225 3500 i
242 3447 390 3516 galskaben
408 3445 438 3500 af
453 3462 485 3498 en
504 3446 675 3499 naturfilosof
686 3450 715 3499 at
729 3462 820 3500 varen
850 3445 935 3514 quod
954 3448 1007 3499 est
1026 3489 1031 3500 .
1051 3489 1056 3500 .
1077 3446 1094 3513 .]
1113 3447 1195 3499 Dette
1207 3462 1274 3513 vers,

216 3555 249 3591 en
270 3537 359 3591 trokh.
384 3539 515 3604 septenar,
541 3537 636 3589 oiteres
660 3553 695 3605 og
717 3536 872 3604 efterlignes
891 3537 952 3589 flere
971 3536 1060 3590 steder
1077 3538 1116 3604 (se
1134 3536 1213 3603 Eun„
1232 3537 1273 3590 ed.

215 3628 278 3682 Luc.
297 3628 394 3680 Miller
411 3644 436 3695 p.
455 3627 513 3695 97);
533 3627 563 3680 af
579 3629 611 3681 de
629 3644 687 3694 rep.
703 3626 724 3680 I.
743 3626 782 3680 18.
795 3626 830 3680 30
847 3626 924 3693 (hvon
942 3626 974 3679 de
993 3629 1021 3680 to
1039 3612 1197 3695 fofegtende
1215 3643 1274 3680 vers

215 3723 291 3787 tages
315 3718 386 3785 med)
411 3733 462 3784 ses,
487 3721 515 3770 at
539 3717 585 3771 det
609 3734 637 3771 er
654 3717 713 3770 lint
731 3717 772 3770 fra
790 3717 917 3770 Ennius's
936 3717 1056 3785 tragedie
1077 3718 1222 3787 lphipeoo‘a
1240 3733 1275 3785 og

216 3827 244 3863 er
260 3827 292 3863 en
307 3808 394 3877 replik
409 3807 439 3861 af
451 3807 599 3861 Akhilleus.
614 3837 647 3846 -
662 3808 722 3860 Den
737 3807 820 3861 ferste
835 3807 927 3875 dipodi
940 3806 984 3860 mi
999 3808 1087 3863 lases:
1105 3816 1273 3883 Q-Q4

213 3900 244 3968 js.
265 3901 344 3954 adest
356 3899 377 3953 I.
388 3900 429 3952 31.
439 3899 481 3953 67.
509 3898 630 3968 tamen]
647 3898 671 3953 d.
682 3915 706 3951 v.
719 3915 740 3952 s.
751 3898 831 3951 slent
847 3914 909 3950 man
924 3897 994 3951 altst
1003 3898 1065 3950 ikke
1074 3897 1128 3950 kan
1143 3901 1222 3951 vente
1232 3898 1274 3965 sig

215 3989 422 4057 megenfornuft
432 3989 462 4042 af
472 3989 543 4042 ham.
571 3988 716 4057 tpabuli
734 3988 852 4056 genus]
867 4004 895 4041 se
904 3987 981 4056 udgn
991 3986 1045 4042 afh.
1057 3988 1067 4040 i
1079 3987 1143 4042 filol.
1155 3987 1273 4055 tidsskr„
1297 4015 1299 4020 κ

215 4078 277 4146 tdje
295 4097 315 4133 r.
333 4079 405 4148 Hp.
423 4079 458 4133 33
475 4079 493 4132 f.
521 4079 634 4132 ludum
653 4095 833 4147 numquam
851 4076 1015 4148 defuisse]
1033 4077 1295 4147 sigtertilsagnet-
1350 4143 1353 4150 ι
