2942 4625
226 331 287 394 148
490 344 687 400 CICERONIS
706 344 756 398 DE
775 344 1021 399 DIVINATIONE

171 566 206 620 50
224 564 300 609 cum
329 543 466 626 peperit,
496 545 665 607 ostentum
693 545 770 607 est?
799 544 971 624 conceptio
995 546 1110 607 contra
1132 544 1285 606 naturam

226 651 376 728 fortasse,
401 650 458 715 sed
481 653 597 733 partus
621 668 722 732 prope
745 652 961 714 necessarius.

165 757 206 817 23
290 757 353 822 Sed
376 757 456 839 quid
479 758 596 839 plura?
634 755 752 820 Ortum
774 757 943 821 videamus
967 758 1213 839 haruspicinae;
1237 758 1284 820 sic

225 864 403 942 facillume,
427 864 507 945 quid
529 864 649 929 habeat
672 865 891 941 auctoritatis,
915 864 1145 929 iudicabimus.
1181 865 1285 945 Tages

228 972 360 1054 quidam
385 972 507 1036 dicItur
525 974 561 1037 in
578 990 657 1053 agro
674 972 917 1052 Tarquiniensi,
942 990 1017 1036 cum
1035 975 1124 1036 terra
1139 974 1287 1036 araretur

228 1082 261 1143 et
289 1080 402 1143 sulcus
432 1080 533 1144 altius
561 1083 648 1144 esset
681 1081 872 1160 impressus,
908 1079 1055 1144 extitisse
1088 1083 1224 1162 repente
1254 1081 1287 1143 et

228 1206 304 1250 eum
331 1186 463 1250 adfatus
494 1205 575 1264 esse,
606 1188 663 1268 qui
686 1187 811 1250 arabat.
860 1186 894 1250 Is
918 1190 1030 1251 autem
1053 1188 1168 1268 Tages,
1192 1185 1288 1250 utin

226 1293 321 1357 libris
349 1296 399 1357 est
420 1293 645 1370 Etruscorum,
675 1292 797 1376 puerili
824 1296 933 1376 specie
957 1294 1078 1359 dicitur
1099 1295 1201 1371 visus,
1231 1293 1288 1357 sed

229 1401 326 1465 senili
349 1400 452 1465 fuisse
475 1401 661 1483 prudentia.
696 1401 777 1464 Eius
800 1400 960 1483 adspectu
981 1419 1056 1465 cum
1072 1402 1288 1483 obstipuisset

228 1509 393 1572 bubulcus
423 1509 663 1589 clamoremque
691 1508 849 1572 maiorem
880 1526 955 1572 cum
978 1508 1195 1573 admiratione
1218 1507 1288 1572 edi·
1372 1491 1374 1497 ¹

230 1617 343 1693 disset,
367 1634 563 1680 concursum
586 1634 656 1680 esse
679 1616 815 1693 factum,
839 1618 1008 1696 totamque
1031 1616 1123 1680 brevi
1141 1619 1288 1697 tempore

228 1725 265 1788 in
295 1743 370 1787 eum
396 1724 506 1788 locum
534 1724 702 1788 Etruriam
730 1725 939 1799 convenisse;
967 1727 1040 1787 tum
1068 1724 1165 1787 illum
1193 1724 1290 1805 plura

229 1833 378 1895 locutum
408 1831 524 1895 multis
552 1830 776 1910 audIentibus
807 1833 863 1912 qui
887 1833 996 1895 omnia
1019 1831 1118 1895 verba
1141 1832 1211 1895 eius
1235 1848 1289 1895 er·
1389 1809 1395 1822 ’

230 1940 378 2021 ceperint
400 1938 588 2019 litterIsque
603 1937 808 2012 mandarint;
833 1957 963 2003 ornnem
982 1941 1093 2003 autem
1109 1940 1289 2002 orationem

231 2046 334 2110 fuisse
365 2064 450 2123 eam,
486 2064 551 2126 qua
580 2046 812 2127 haruspicinae
844 2046 1021 2128 disciplina
1049 2047 1289 2121 contineretur;

232 2172 304 2218 eam
333 2156 448 2235 postea
481 2153 622 2217 crevisse
654 2153 754 2217 rebus
788 2156 881 2218 novis
916 2153 1152 2234 cognoscendis
1184 2156 1217 2217 et
1249 2152 1290 2216 ad

232 2261 347 2327 eadem
379 2261 437 2325 illa
470 2261 635 2343 principia
667 2261 859 2327 referendis.
914 2261 1004 2327 Haec
1033 2261 1220 2344 accepimus
1249 2260 1289 2324 ab

231 2371 324 2452 ipsis,
348 2371 429 2433 haec
452 2370 576 2451 scripta
599 2373 805 2447 conservant,
834 2372 923 2434 hunc
945 2370 1071 2435 fontem
1094 2369 1218 2433 habent
1240 2368 1290 2431 di-

180 2486 213 2540 51
233 2478 402 2559 sciplinae.
452 2477 541 2540 Num
564 2495 640 2557 ergo
664 2496 747 2559 opus
770 2478 884 2542 estad
909 2479 988 2542 haec
1010 2476 1190 2542 refellenda
1213 2474 1291 2541 Gar-

232 2585 358 2649 neade?
392 2603 473 2647 num
500 2584 667 2665 Epicuro?
701 2588 794 2649 estne
829 2586 1005 2666 quisquam
1033 2587 1081 2649 ita
1114 2585 1290 2666 desipiens,

234 2692 290 2774 qui
313 2691 435 2768 credat,
459 2693 628 2755 exaratum
650 2710 780 2756 esse-
802 2692 900 2757 deum
920 2693 1027 2757 dicam
1043 2712 1086 2757 an
1102 2693 1291 2756 hominem?

234 2799 269 2863 Si
299 2800 406 2874 deum,
435 2818 494 2862 cur
523 2817 558 2863 se
588 2802 703 2863 contra
732 2803 886 2864 naturam
908 2802 944 2864 in
966 2803 1089 2865 terram
1111 2800 1291 2874 abdiderat,

234 2910 272 2972 ut
287 2907 473 2989 patefactus
491 2908 599 2970 aratro
615 2907 724 2971 lucem
744 2909 929 2989 aspiceret?
952 2908 1053 2989 quid?
1076 2908 1165 2972 idem
1182 2924 1291 2971 nonne

233 3017 364 3097 poterat
396 3013 476 3077 deus
505 3013 694 3078 hominibus
726 3014 937 3097 disciplinam
970 3018 1138 3098 superiore
1172 3034 1189 3079 e
1220 3016 1291 3078 loco

233 3122 387 3186 tradere?
421 3120 456 3187 Si
479 3126 591 3188 autem
611 3125 708 3187 horno
731 3122 788 3185 illo
806 3123 912 3203 Tages
934 3121 1009 3201 fuit,
1034 3142 1176 3209 quonam
1195 3121 1290 3187 modo

234 3231 345 3312 potuit
373 3233 462 3293 terra
488 3249 665 3312 oppressus
695 3230 827 3293 vivere?
854 3230 942 3294 unde
971 3249 1068 3313 porro
1090 3231 1149 3294 illa
1171 3231 1290 3313 potuit,

235 3356 317 3419 quae
342 3338 479 3402 docebat
502 3338 594 3416 alios,
618 3339 688 3419 ipse
711 3337 891 3402 didicisse?
926 3337 990 3402 Sed
1008 3356 1067 3418 ego
1082 3337 1292 3419 insipientior

182 3675 216 3785 ἒξ
233 3697 346 3766 Tages]
367 3687 468 3766 Sagnet
484 3715 589 3752 carnes
608 3698 656 3751 hos
675 3697 738 3751 11616
755 3697 843 3766 gamle
861 3696 1006 3752 lorfattere.
1057 3697 1291 3766 haruspicinae

191 3811 193 3816 v
234 3787 427 3856 diseIplina]
446 3788 509 3842 Mon
530 3789 728 3856 haruspicum?

189 3897 214 3937 ar
235 3877 322 3932 idem
342 3921 348 3934 .
367 3921 372 3932 .
392 3921 398 3933 .
418 3878 507 3946 deus]
533 3895 605 3932 »som
622 3877 702 3946 gud«,
724 3878 748 3930 ›i
766 3877 809 3930 sin
823 3877 959 3944 egenskab
972 3877 1093 3946 afgud«.
1121 3877 1293 3945 superiore

234 3967 349 4038 eloco]
372 3968 527 4038 Udtrykket
547 3985 576 4022 er
597 3968 680 4036 brugt
703 3965 850 4036 spegonde3
878 3967 925 4020 det
947 3967 1018 4036 alges
1042 3967 1121 4021 ellers
1146 3981 1189 4020 om
1212 3967 1292 4036 magi

234 4061 345 4126 straten,
364 4058 411 4111 der
428 4059 496 4113 taler
514 4059 554 4112 fra
573 4059 609 4111 sit
626 4058 766 4112 tribunal.'
