2942 4625
248 374 291 435 34
516 386 710 442 CICERONIS
729 387 780 442 DE
798 387 1041 444 DIVINATIONE

248 587 377 651 sulibus
399 586 554 668 rogandis
577 588 704 652 habuit.
739 587 825 652 Nota
847 606 899 652 res
923 591 974 652 ost
992 591 1025 652 et
1041 606 1059 652 a
1075 591 1108 653 te
1124 589 1196 672 ipso
1212 608 1313 654 man·

231 675 326 780 ,data
358 697 592 761 monumentis.
653 694 717 759 Sed
751 700 784 759 et
816 697 887 777 ipso
922 713 1028 776 augur
1054 696 1103 760 Ti.
1137 695 1314 762 Gracchus

247 803 470 886 auspiciorum
494 804 726 868 auctoritatem
749 803 954 868 confessione
977 803 1078 868 errati
1100 805 1153 869 sui
1167 821 1312 887 conpro-

246 912 348 989 bavit,
372 914 406 975 et
427 911 641 994 haruspicum
661 910 855 994 disciplinae
870 929 991 992 magna
1006 911 1146 976 accessit
1162 914 1311 976 auctori·

247 1023 309 1098 tas,
334 1021 391 1101 qui
413 1019 601 1084 recentibus
625 1019 769 1084 comit-iis
784 1020 824 1083 in
840 1022 992 1084 senatum
1007 1018 1190 1084 introducti
1204 1038 1311 1101 nega·

247 1129 376 1205 verunt,
399 1127 526 1191 iustum
549 1127 757 1191 comitiorum
779 1129 965 1207 rogaturam
987 1126 1100 1191 fuisse.
1211 1107 1216 1115 ’

195 1193 230 1327 33
311 1234 358 1300 Iis
387 1235 492 1316 igitur
521 1234 698 1312 adsentior,
728 1236 785 1315 qui
816 1234 879 1299 duo
911 1253 1031 1316 genera
1064 1234 1306 1300 divinationum

248 1361 318 1408 osse
337 1342 499 1419 dixerunt,
516 1361 629 1419 unum,
653 1341 741 1422 quod
756 1343 922 1425 particeps
938 1344 1025 1408 osset
1041 1345 1132 1421 artis,
1153 1344 1308 1420 alterum,

248 1450 336 1532 quod
359 1453 428 1515 arte
452 1452 588 1514 careret.
640 1450 700 1514 Est
723 1449 811 1514 enim
834 1468 886 1515 ars
909 1451 945 1513 in
966 1451 1019 1528 iis,
1048 1451 1106 1531 qui
1129 1469 1230 1515 novas
1252 1470 1308 1515 res

247 1558 437 1623 coniectura
452 1559 706 1641 persequuntur,
719 1559 847 1623 veteres
863 1558 1089 1623 observatione
1107 1558 1308 1624 didicerunt.

247 1665 367 1731 Carent
398 1651 521 1730 autem
537 1669 607 1731 arte
635 1665 670 1743 ii,
699 1666 757 1746 qui
784 1685 850 1730 non
872 1666 999 1730 ratione
1023 1669 1081 1730 aut
1105 1667 1308 1745 coniectura,

247 1775 428 1839 observatis
458 1793 495 1838 ac
523 1776 648 1840 notatis
676 1773 791 1855 signis,
826 1772 883 1839 sed
912 1774 1132 1839 concitatione
1162 1774 1304 1856 quadam

246 1884 349 1947 animi
379 1884 437 1947 aut
467 1883 574 1947 soluto
604 1881 774 1963 liberoque
800 1884 893 1945 motu
920 1881 1034 1946 futura
1064 1883 1307 1965 praesentiunt,

132 1995 154 2056 le
247 1991 334 2072 quod
364 1993 397 2056 et
427 1989 669 2055 somniantibus
693 2008 790 2073 saepo
815 1989 955 2070 contigit
978 1993 1012 2054 et
1030 2008 1101 2054 non
1123 2009 1304 2071 numquam

246 2283 314 2338 efter
337 2287 366 2338 at
387 2283 457 2338 have
479 2284 560 2337 vacet
581 2282 616 2336 til
640 2282 809 2339 senatsmede
827 2283 837 2337 i
854 2283 1038 2338 mellemtiden
1057 2283 1114 2353 (der
1130 2282 1217 2338 havde
1235 2282 1308 2338 alisi

246 2375 335 2429 endnu
357 2374 420 2428 ikke
442 2377 498 2427 vist
521 2375 563 2442 sig
587 2373 659 2427 sikre'
676 2374 795 2443 sardou),
819 2375 919 2443 glemte
943 2377 972 2429 at
989 2378 1052 2444 tage
1069 2375 1170 2429 varsler
1187 2375 1238 2429 ved
1250 2392 1307 2444 po·

245 2467 367 2520 oresium.
403 2464 573 2533 Udferligere
590 2463 732 2533 beretuing
750 2483 776 2520 s.
796 2466 822 2519 d.
841 2465 877 2521 Π.
895 2467 919 2520 4.
939 2467 973 2520 10
990 2466 1017 2535 f.‚
1035 2467 1094 2521 Vol.
1109 2466 1178 2520 Max.
1197 2465 1218 2521 1.
1238 2466 1261 2520 1.
1275 2466 1303 2529 33

246 2573 274 2610 se
293 2555 358 2625 ogei
376 2555 450 2609 dette
467 2556 539 2609 vaerk
556 2555 592 2611 H.
610 2555 651 2610 35.
670 2554 711 2624 74,
732 2556 771 2610 cd
790 2556 822 2625 Q.
840 2557 876 2622 fr.
894 2556 929 2610 Π.
948 2557 973 2611 2.
992 2557 1016 2612 1.
1062 2557 1134 2610 Plut.
1152 2555 1308 2610 Marcelli>

148 2636 151 2643 ’
246 2646 321 2716 lyder
338 2646 520 2715 forklaringen
538 2645 704 2700 anderledes:
723 2645 806 2714 fejlen
825 2645 884 2700 skal
901 2646 969 2700 have
987 2647 1093 2701 bestiast
1110 2647 1128 2715 i,
1146 2650 1175 2701 at
1192 2646 1247 2700 han
1262 2645 1304 2700 be·

245 2736 355 2807 nyttede
374 2753 474 2790 samme
492 2738 544 2791 telo
556 2740 589 2791 to
607 2753 701 2806 gange.
738 2737 907 2806 rogandis]
932 2739 986 2792 Det
1009 2737 1182 2806 almindelige
1206 2736 1305 2807 udtryk

245 2845 273 2881 er
301 2818 443 2893 creceium
471 2829 591 2897 egentlig
617 2827 714 2897 bmges
743 2829 869 2883 consules
890 2831 1029 2897 populum
1054 2844 1156 2898 ocyore
1181 2828 1191 2882 i
1213 2828 1305 2898 betyd-

245 2920 358 2987 ningen:
380 2917 475 2987 bringe
498 2919 625 2972 konsuler
648 2918 777 2987 iforslag
795 2918 840 2986 (til
857 2918 930 2987 vulg)
948 2917 998 2971 hos
1020 2918 1113 2986 folket,
1135 2918 1196 2973 lade
1218 2919 1305 2973 folket

245 3013 357 3063 stemma
382 3026 426 3063 om
448 3008 584 3075 konsuler,
611 3009 681 3063 altsb
704 3013 766 3078 sagt
789 3025 832 3062 om
854 3008 905 3062 den
927 3008 1128 3078 prasiderende,
1152 3008 1199 3063 der
1216 3008 1306 3063 derfor

245 3100 301 3153 selu
324 3099 417 3153 kaldes
440 3102 613 3156 comitiorum
635 3107 758 3169 coactor.
802 3099 871 3168 Sed]
896 3098 1026 3153 forklares
1050 3097 1100 3152 ved
1118 3117 1151 3153 en
1169 3100 1302 3154 underfor·

245 3189 316 3244 stiet
337 3190 431 3244 tanke:
457 3206 553 3259 sagena
576 3207 702 3244 naermere
724 3189 965 3259 cmstandigheder
987 3189 1103 3243 behaver
1121 3189 1169 3259 jeg
1189 3190 1252 3244 ikke
1274 3193 1303 3243 at

245 3281 357 3345 omtale3
381 3297 450 3334 men
473 3280 576 3334 oecivfl
590 3280 638 3350 jeg
660 3280 810 3348 fremhaeve,
834 3284 887 3336 at.
907 3322 913 3335 .
933 3323 938 3335 .
975 3281 1089 3349 augur]
1109 3280 1164 3333 Det
1181 3298 1229 3335 var
1243 3280 1303 3349 just

245 3389 302 3425 som
324 3388 417 3441 augur,
445 3370 475 3425 G.
495 3371 630 3441 (rpdagede
653 3373 695 3426 sin
718 3372 775 3441 iejl,
801 3372 852 3425 ved
874 3375 903 3425 at
925 3371 1031 3425 studere
1056 3372 1121 3425 libri
1141 3372 1302 3439 cuycrcles.

244 3461 452 3531 recentibus]
473 3484 503 3509 =
523 3480 612 3531 cuper
629 3464 741 3518 habites.

193 3525 290 3634 ἔξω
314 3554 427 3622 igitur
450 3552 712 3622 adsentior...]
743 3553 773 3618 Q.
793 3554 886 3608 Cicero
908 3552 1006 3606 vender
1030 3550 1132 3618 tilbage
1155 3549 1189 3603 til
1207 3548 1303 3602 klassi-

243 3644 388 3714 fioeringen
406 3644 435 3697 af
450 3643 714 3713 divinationsmider,
732 3644 779 3698 der
796 3643 910 3698 allerede
929 3643 1041 3697 omtales
1059 3642 1069 3695 i
1088 3657 1109 3696 c.
1127 3641 1151 3695 6.
1179 3639 1303 3693 divina·

245 3735 384 3804 tionum]
408 3735 422 3788 I
444 3732 531 3788 flertel
555 3734 652 3803 bruges
675 3734 749 3788 detto
773 3736 820 3788 ord
843 3733 964 3803 sjaelden;
988 3733 1040 3802 dog
1063 3731 1149 3787 findas
1173 3731 1219 3786 det
1237 3719 1313 3801 ogei*

244 3827 285 3881 36.
304 3826 346 3895 78,
377 3825 419 3880 41.
438 3826 473 3880 90
490 3842 524 3895 og
540 3826 582 3880 42.
607 3825 648 3895 93,
673 3841 707 3894 og
728 3824 789 3878 hvis
811 3825 919 3878 teksten
938 3841 966 3878 er
983 3825 1068 3894 rigtig
1090 3826 1100 3878 i
1117 3824 1153 3878 Π.
1178 3823 1219 3878 72.
1242 3822 1302 3889 148,

242 3917 287 3971 md
305 3916 352 3971 der
368 3917 403 3970 til
422 3933 482 3970 cum
501 3918 596 3971 ceteras
614 3914 797 3985 underfcrstis
817 3916 1039 3971 dicimationibus.
1075 3932 1178 3969 novas
1196 3914 1259 3982 res]
1274 3929 1300 3966 o:

242 4007 314 4063 hvad
333 4007 379 4061 der
396 4007 465 4061 forst
483 4023 572 4060 seuere
590 4006 628 4059 vil
647 4006 701 4061 ske.
734 4005 845 4074 Bacis]
864 4022 897 4059 en
915 4005 1037 4074 mythisk
1055 4005 1192 4075 spaimand,
1211 4004 1258 4058 der
1275 4003 1307 4057 ef

243 4098 348 4168 nymfer
373 4098 512 4152 hensattes
535 4096 693 4165 iprofetisk
710 4098 805 4163 furem
833 4096 863 4149 af
883 4096 951 4150 hans
975 4096 1129 4165 spddomme
1153 4114 1181 4150 er
1203 4098 1231 4149 et
1254 4112 1304 4163 par
