2942 4625
225 353 265 412 72
488 363 682 418 CICERONIS
700 363 751 417 Du
770 363 1013 418 DIVINATIONE

225 563 381 641 offerunt;
405 564 492 645 quod
514 563 693 643 contigisse
709 562 840 626 Brenno
857 561 979 626 dicitnr
995 564 1130 644 eiusque
1144 561 1288 627 Gallicis·-

225 672 339 754 eopiis,
373 689 449 735 oum
482 673 558 737 fano
583 671 747 754 Apollinis
778 671 931 753 Delphici
964 671 1128 735 nefarium
1156 671 1281 734 bellurn

224 780 404 844 intulisset.
461 780 545 844 Tum
578 781 667 844 onim
694 779 808 843 ferunt
835 797 873 841 ex
903 779 1010 842 oraclo
1041 779 1182 843 ecfatam
1210 797 1288 853 esse

226 887 395 970 Pythiam:

291 1037 350 1098 ego
374 1017 552 1100 providebo
576 1016 767 1081 tamisiam
790 1019 823 1080 ot
846 1017 939 1080 albae
963 1015 1117 1096 virgines.

227 1149 275 1211 Ex
292 1167 355 1230 quo
374 1147 509 1225 factum,
533 1150 570 1211 ut
590 1147 780 1211 viderentur
799 1148 943 1227 virgines
963 1146 1047 1210 ferre
1064 1165 1154 1210 arma
1170 1153 1287 1210 contra
1350 1233 1351 1237 Ἰ

228 1260 261 1320 el
283 1258 358 1320 nive
382 1255 551 1319 Gallorum
574 1256 767 1318 obrueretur
790 1256 961 1318 exercitus.

169 1362 209 1422 38
293 1365 404 1427 Aristo
406 1364 489 1427 telos
518 1362 650 1444 quidem
681 1382 735 1426 eos
759 1364 868 1439 eliam,
900 1364 956 1442 qui
980 1362 1180 1426 valetudinis
1202 1362 1290 1425 vitio

227 1472 425 1535 furerente
428 1471 706 1535 cmelanoholioi
740 1470 937 1546 dicerentur,
976 1470 1131 1535 censebat
1164 1470 1290 1533 habere

229 1579 378 1661 aliquid
369 1600 405 1643 ru
421 1580 540 1643 animis
556 1581 767 1662 praesagiens
784 1581 818 1642 at
821 1597 882 1659 que
900 1578 1058 1642 divinum
1089 1579 1157 1659 Ego
1174 1581 1284 1642 autem

228 1688 316 1752 haud
352 1689 419 1751 scio
454 1707 496 1751 an
529 1707 589 1751 nec
624 1687 783 1751 cardiacis
817 1688 879 1751 hoo
907 1686 1122 1750 tribuendum
1151 1688 1195 1751 sil
1224 1704 1292 1749 neo

230 1796 444 1878 phreneticis
469 1797 570 1859 animi
594 1797 682 1859 enirn
704 1797 835 1876 integri,
859 1814 925 1858 non
944 1795 1054 1858 vitiosi
1075 1797 1125 1859 est
1141 1796 1291 1877 eorporis

178 1909 211 1958 82
231 1904 401 1968 divinatio.
447 1903 551 1982 Quam
582 1902 714 1984 quidem
744 1922 814 1967 esse
842 1921 876 1966 re
900 1921 985 1979 vcra,
1015 1904 1077 1966 hac
1099 1901 1289 1966 Stoicorum

230 2014 358 2076 racione
389 2011 614 2075 concluditur:
647 2013 685 2075 ‘si
713 2015 792 2075 sunt
819 2012 852 2074 di
881 2029 986 2091 neque
1018 2013 1094 2074 ante
1118 2010 1287 2074 declarant

230 2121 430 2196 hominibus,
444 2138 526 2199 quae
539 2120 652 2183 fulura
664 2119 741 2195 sint,
756 2121 890 2182 autnon
904 2118 1048 2202 diligunt
1060 2120 1209 2182 homines
1219 2120 1292 2195 auk.

233 2229 311 2309 quid
321 2230 514 2291 euenturum
524 2228 741 2307 sicignoranc
750 2229 808 2290 aul
817 2227 1026 2303 existumant,
1036 2224 1292 2290 nihilintcrcssc

532 2425 551 2428 ..Α
560 2425 725 2430 ...ψ
738 2426 829 2430 ..-ffl-
852 2426 860 2430 .
878 2427 1022 2432 -.-ύμῆμ
1057 2424 1268 2431 -·.———-——·-
1279 2426 1289 2429 Δ

233 2547 295 2599 fiere
318 2561 405 2614 gange
428 2543 459 2597 af
480 2542 580 2612 Cicero,
607 2559 668 2596 men
691 2543 841 2598 forsvinder
865 2546 985 2600 derefter.
1021 2543 1165 2611 Brenno]
1184 2543 1213 2596 ir
1230 2543 1295 2596 278„

233 2634 439 2704 Begivenheden
466 2634 580 2689 skildres
603 2635 663 2688 isaer
685 2634 734 2688 hos
757 2635 879 2690 Iustinus
903 2636 1009 2705 (XXIV.
1033 2636 1061 2704 8)
1085 2651 1120 2703 og
1142 2633 1296 2687 Pausanias.

235 2726 347 2793 (X.23).
385 2725 695 2794 ecfataml'senoien
713 2726 813 2781 2041.
855 2727 925 2796 Ego
949 2725 1224 2795 providebo...]
1252 2723 1292 2776 Pa

235 2818 327 2871 liraesk
353 2816 399 2869 lod
426 2816 537 2870 crakelc
525 2817 659 2870 trimetret
685 2817 768 2886 ifolge
796 2818 902 2871 Tzeizes
928 2818 974 2871 XI
1002 2817 1054 2870 394
1080 2816 1197 2871 saledes:
1230 2813 1292 2889 ἐμοὶ

233 2901 348 2982 μελήσει
367 2907 451 2961 ταῦτα
468 2909 513 2960 καὶ
530 2909 638 2968 λευκαῖς
655 2900 756 3009 appete.
791 2908 852 2960 Han
871 2908 1028 2962 fortsaetter:
1047 2902 1096 2977 τὴν
1113 2900 1230 2977 Ἀθηνᾶν
1247 2925 1291 2959 και

230 2995 357 3072 Ἄρτεμιν
380 2990 477 3057 leonae
495 2989 626 3071 ὅεῑρήκει
648 2990 738 3066 κόρας.
775 2996 847 3064 Ogsa
865 2995 961 3049 Suidas
985 2996 1090 3050 anfcrcr
1112 2997 1292 3051 orakelsvaret

236 3093 268 3157 (·
288 3108 311 3143 o.
331 3088 393 3163 ἐμοι
387 3080 543 3162 μελήσει).
580 3087 658 3156 Ego]
677 3087 734 3140 hun
752 3087 820 3139 ialer
838 3086 1025 3154 naturligvis
1017 3103 1027 3138 r
1045 3086 1147 3154 gudens
1165 3103 1244 3140 naun.

184 3193 219 3244 38
237 3181 334 3234 Arist
322 3178 464 3249 toteles]
488 3170 621 3253 προβλήμ.
645 3178 686 3231 30.
712 3178 735 3230 1.
779 3175 1037 3244 melancholici]
1062 3177 1156 3230 Denne
1181 3176 1292 3245 sygdom

237 3275 348 3339 aritoges
367 3273 396 3323 at
413 3270 481 3323 have
500 3270 537 3322 sit
554 3268 622 3321 saede
640 3268 650 3321 i
668 3267 773 3337 galden,
791 3258 872 3339 χολή;
892 3267 969 3320 derel
984 3270 1090 3322 nannet.
1133 3267 1298 3321 Aristoteles

237 3364 327 3415 niente
345 3361 355 3413 i
372 3362 468 3429 evrigi,
492 3376 583 3415 omnes
600 3361 756 3427 inperiosus
781 3359 992 3413 melancholicos
1011 3376 1067 3413 esee
1086 3358 1152 3427 (Cic.
1175 3360 1252 3413 Ture.
1271 3357 1295 3411 Ι,

237 3454 279 3507 33.
304 3453 356 3520 80).
402 3441 575 3505 cardiacis
602 3494 607 3506 .
631 3494 637 3505 .
661 3493 667 3504 .
690 3450 919 3518 phreneticis]
947 3450 977 3503 af
1000 3451 1097 3523 καρδία
1125 3467 1230 3503 »mareu
1260 3466 1294 3518 og

239 3543 339 3616 φρένες
359 3542 559 3609 »mellemgulv«
581 3544 648 3607 (som
667 3541 817 3595 fomuftens
837 3541 923 3610 erede).
966 3535 1058 3596 Cicero
1077 3542 1148 3611 sigor
1165 3541 1242 3610 alisi,
1265 3543 1294 3595 ai

239 3650 301 3687 man
324 3634 379 3701 lige
403 3632 433 3686 si.
455 3632 508 3685 lide
531 3635 573 3685 ter
596 3633 715 3701 tillaegge
739 3632 771 3685 de
795 3631 913 3701 forrykte
937 3632 1138 3701 spaiclomsgavey
1165 3649 1223 3686 som
1249 3632 1295 3686 det

239 3722 328 3777 kunde
351 3723 423 3776 falde
446 3738 534 3791 nogen
557 3722 605 3775 ind
627 3725 656 3775 at
672 3723 791 3791 lillaegge
809 3722 865 3775 lolk
882 3723 944 3776 med
962 3722 1049 3792 dirlig
1066 3740 1143 3778 mave
1160 3741 1192 3777 en
1212 3724 1295 3778 siden

240 3831 320 3868 aevne.
366 3812 531 3882 corporis]
559 3813 614 3866 Det
640 3830 668 3866 er
689 3813 753 3866 ikke
776 3812 943 3882 nodvendigl
965 3818 994 3867 at
1017 3818 1122 3883 anlage
1150 3818 1179 3868 at
1202 3815 1300 3869 Cicero

239 3907 387 3974 henregner
405 3905 563 3972 phrenetici
580 3904 614 3957 til
632 3902 664 3956 de
682 3904 823 3972 legemligi
841 3920 917 3973 syge3
943 3907 1068 3972 corporeo
1085 3904 1138 3957 kan
1156 3904 1210 3957 han
1227 3904 1296 3956 have

239 3995 341 4064 tillejet
358 3995 416 4048 blot
434 3995 474 4047 for
492 3998 521 4048 ai
538 4011 601 4063 gere
618 3993 830 4063 modsaeoningen
848 3995 933 4064 rigtig
949 3994 1062 4062 kreftig:
1081 3994 1127 4047 der
1144 3994 1244 4047 krreves
1262 4009 1296 4046 en

241 4087 300 4139 klar
317 4084 378 4154 end,
396 4085 459 4138 ikke
477 4101 510 4138 en
528 4084 615 4152 dirlig
632 4101 716 4138 mave.
