2942 4625
222 351 285 412 104
488 364 683 420 CICERONIS
702 365 752 419 DE
771 365 1014 420 DIVINATIONE

221 566 332 627 autern
355 564 483 642 adhoc,
508 563 547 628 de
567 583 630 645 que
647 563 791 646 disputo,
815 565 1021 647 probandum
1038 566 1118 630 satis
1135 568 1194 643 est,
1211 586 1285 630 nen
1353 593 1357 600 ·

219 671 316 735 mede
349 672 455 754 plura,
491 671 548 735 sed
582 673 681 736 etiarn
715 673 871 754 pauciora
899 673 1009 737 divine
1039 693 1214 756 praesensa
1244 677 1288 739 et.

153 773 203 828 125
222 779 390 861 praedicta
411 780 557 862 reperiri.
601 778 689 858 Quin
712 781 813 844 etiam
835 781 896 844 hoe
919 800 985 844 nen
1008 772 1164 846 dubitans
1188 782 1287 846 direm

221 889 293 964 rim,
318 889 346 952 si
369 907 472 952 unum
490 887 616 968 aliquid
633 889 681 951 ita
700 889 745 952 sit
764 888 970 970 praedictum
988 907 1286 971 praesentemque„

101 993 105 999 ’
222 998 269 1073 ut,
300 976 375 1059 enm
405 996 560 1073 evenerit,
590 995 638 1060 ita
666 995 773 1073 eadat,
804 998 842 1060 ut
864 996 1070 1078 praedictum
1093 997 1146 1075 sit,
1170 1016 1286 1079 neque·
1343 1073 1347 1085 .

220 1104 256 1166 in
279 1121 316 1167 ee
340 1105 516 1184 quiequam
546 1121 624 1168 nasu
648 1106 681 1167 et
704 1103 842 1168 fortuito
865 1103 991 1168 facturn
1014 1123 1085 1170 esse
1109 1109 1285 1188 appareaty

221 1229 291 1275 esse
311 1190 398 1275 eerte
415 1211 661 1288 divinationem,
681 1211 781 1293 idque
793 1230 864 1277 esse
877 1213 1029 1276 omnibus
1041 1212 1284 1277 confitendum..

285 1317 445 1396 Qneeirea
468 1320 611 1401 primurn
633 1321 716 1383 mihi
739 1319 879 1396 videtur,
903 1324 941 1383 ut
963 1319 1162 1385 Posidonius
1184 1320 1285 1398 faciti

221 1425 333 1504 adeo,
364 1425 404 1490 de
432 1445 496 1507 que
520 1428 601 1491 satis
625 1427 751 1492 dietum
775 1431 835 1504 est,
865 1427 982 1491 deinde
1006 1447 1025 1492 e
1047 1428 1126 1506 fate,
1158 1427 1284 1493 deinde-

220 1553 239 1598 a
261 1536 381 1598 natura
403 1536 453 1599 vis
477 1536 582 1599 omnis
606 1535 777 1599 divinandi
800 1536 949 1616 ratioque
968 1536 1157 1618 repetenda.
1188 1537 1282 1601 Fieri

219 1642 323 1723 igitur
345 1645 455 1707 emnia
477 1642 555 1719 iate,
578 1645 663 1707 ratio
686 1644 776 1723 aegit
798 1642 896 1707 fateri
918 1680 958 1690 —
981 1642 1088 1707 fatum
1110 1644 1281 1708 autemid

171 1758 176 1765 '
220 1751 361 1833 appello,
385 1750 473 1832 quod
496 1749 612 1815 Graeci
636 1751 814 1833 εζααμμένην,
841 1750 875 1813 id
899 1753 949 1814 est
972 1751 1118 1816 ordinem
1141 1753 1283 1816 seriem-

221 1877 283 1939 que
312 1877 485 1923 eausarum
508 1895 560 1936 —‚
584 1876 660 1923 eum
691 1876 809 1923 eaesae
840 1876 939 1923 eausa
966 1877 1048 1923 nexa
1077 1878 1147 1923 rem
1175 1878 1214 1924 ex
1241 1878 1284 1924 se·
1392 1891 1397 1900 ·

221 1965 345 2045 gignat.
380 1965 428 2030 Ea
450 1969 500 2030 est
524 1985 562 2031 ex
585 1968 674 2031 omni
697 1968 893 2031 aeternitate
915 1966 1021 2030 fluens
1045 1970 1165 2032 veritas
1190 1986 1283 2032 sem·-

218 2073 358 2155 piterna.
397 2073 491 2152 Quod
514 2092 589 2139 eum
611 2075 660 2138 ita
682 2076 736 2152 sit,
760 2075 845 2138 nihil
867 2078 917 2139 est
939 2074 1075 2152 fantum,
1099 2075 1186 2155 qued
1208 2092 1281 2139 nen.

218 2180 368 2245 futurum
387 2181 497 2259 fuerit,
522 2182 700 2263 eodemque
718 2182 815 2246 medo
831 2183 916 2246 nihil
931 2184 981 2246 est
996 2181 1155 2257 futurum,
1180 2183 1282 2245 enine

150 2292 201 2347 126
219 2308 285 2353 nen
312 2307 429 2353 eausas
455 2289 489 2354 id
519 2292 629 2372 ipsum
658 2289 839 2356 efficientes
862 2292 982 2354 natura
1005 2290 1182 2353 contineat.
1227 2288 1278 2352 Er

219 2416 283 2478 que
310 2397 525 2478 intellegitur,
556 2402 595 2462 nt
623 2397 730 2462 fatum
761 2399 805 2462 sit
834 2417 900 2461 nnn
927 2397 972 2475 id,
1003 2396 1090 2479 quod
1113 2398 1283 2479 superse-1

160 2732 199 2772 125
219 2731 248 2785 si
266 2748 362 2784 unuin
382 2731 514 2801 aliquid
532 2775 538 2785 .
558 2775 564 2787 .
584 2731 602 2802 .]
621 2733 676 2787 Det
694 2749 722 2786 er
739 2732 909 2802 Kratippes's
927 2731 1008 2785 tenire
1026 2730 1067 2784 ira
1084 2732 1126 2785 32.
1143 2731 1185 2785 71.
1222 2731 1282 2785 vis.

218 2823 322 2876 omnis
341 2822 517 2876 dIvinandi
534 2824 700 2892 ratioque]
727 2824 802 2878 »hele
820 2823 1018 2878 divinationens
1036 2822 1135 2892 begreb
1154 2839 1188 2892 og
1205 2823 1276 2891 prin-

218 2915 275 2982 cip«
296 2930 321 2967 e:
344 2914 385 2967 ,al
403 2913 567 2967 divinationi
579 2913 718 2983 (Nagelsb.
730 2914 796 2969 Lat.
814 2913 869 2969 εΗ
885 2931 910 2982 p.
930 2913 999 2979 130).
1025 2912 1118 2967 Fieri
1135 2914 1275 2982 igitur-

217 3004 343 3073 gignat]
372 3003 423 3058 Orn
450 3004 688 3072 Interpunlrtionen
706 3021 739 3057 ae
757 3005 935 3073 tillaegget.
980 3004 1161 3078 εἱμαρμένην]
1190 3003 1283 3057 Οῐᾱθι,

217 3111 246 3148 er
260 3094 289 3161 jn
304 3094 370 3162 perf.
382 3097 450 3162 part
465 3094 496 3147 ai
506 3097 668 3169 μείρεσθαις
686 3110 748 3147 men
758 3094 850 3149 Cicero
865 3094 997 3148 deriverer
1011 3093 1058 3148 det
1071 3094 1201 3148 tbenbart
1212 3093 1275 3147 med

220 3185 359 3238 Steikerne
377 3184 407 3238 af
423 3176 519 3258 εἱρμός
539 3201 586 3237 »en
604 3183 702 3251 kade‹‚
724 3185 849 3240 »reike«.
882 3185 918 3238 Jf.
937 3184 1010 3239 Plut.
1029 3186 1062 3238 de
1077 3187 1154 3253 plac.
1172 3185 1272 3253 philon.

217 3276 240 3332 L
258 3274 304 3329 28:
333 3276 359 3329 οἱ
376 3274 492 3329 Στωικοὶ
510 3274 692 3348 (εἱμαρμένην
710 3277 804 3344 φασὶν)
823 3270 922 3350 εἱρμὸν
939 3274 1042 3343 αἰτιῶν,
1060 3274 1181 3330 τουτέστι
1198 3266 1282 3331 τάξιν

216 3369 262 3420 καὶ
286 3357 462 3421 ἐπισύνδεσιν
484 3357 666 3439 ἀπαράβατον.
707 3363 785 3436 rem]
811 3382 838 3423 a:
862 3366 914 3420 den
938 3365 1119 3421 ekeis'terende
1137 3366 1197 3433 ting
1215 3381 1279 3418 snrn
1306 3427 1309 3432 .

218 3458 372 3526 insagernes
395 3455 522 3525 prodnlrt,
549 3473 606 3509 snrn
629 3456 764 3525 virkning.
810 3473 846 3510 er
873 3457 962 3510 omni
989 3455 1215 3523 aeternitate]
1240 3454 1280 3523 jf„

217 3550 299 3600 neten
318 3548 358 3602 14.
377 3548 418 3601 25.
463 3548 606 3616 veritas]
630 3563 656 3601 a:
681 3547 732 3600 den
757 3547 953 3616 nferanderlige
978 3546 1274 3602 skaebnebestemmelse

216 3638 259 3706 (ji.
277 3640 359 3691 neten
377 3638 418 3692 13.
436 3637 489 3706 23).
530 3636 685 3691 futurum
709 3633 827 3709 fuerit]
849 3637 913 3691 »har
931 3638 1031 3692 skullet
1048 3638 1139 3704 (naret
1156 3637 1281 3691 beetemt,

216 3728 251 3782 til
274 3731 313 3796 at)
338 3728 409 3781 ske«.
450 3729 549 3781 euius
572 3728 863 3796 nen-eontineat]
890 3728 975 3782 ›uden
999 3732 1028 3783 at
1048 3728 1077 3797 jo
1101 3730 1215 3781 naturen
1232 3727 1278 3796 (nn

216 3819 267 3872 den
292 3818 472 3873 eksisterende
496 3817 674 3887 vinkelighed)
696 3820 706 3872 i
730 3820 768 3873 sit
791 3819 857 3875 sked
880 3835 999 3888 gemmet
1021 3818 1054 3873 de
1075 3818 1190 3888 irsager,
1214 3834 1275 3871 sem

216 3909 393 3979 irembringer
409 3913 491 3978 netop
509 3909 615 3962 denne
633 3909 784 3978 virkning‹.

158 4013 197 4052 126
219 3999 461 4073 intellegitur,
488 4000 534 4068 nt]
566 4001 660 4054 Denne
692 4000 883 4056 kenstrnktien
910 4017 938 4054 er
963 4000 1072 4055 vistnok
1099 3985 1274 4064 anestiende;

216 4106 278 4143 men
301 4090 484 4161 betydningen
507 4108 535 4145 er
554 4090 583 4160 jn
601 4094 719 4145 erntrent
739 4115 768 4139 =
788 4093 917 4161 efficitur,
941 4090 1028 4160 ogda
1044 4107 1106 4144 man
1124 4091 1173 4144 har
1190 4089 1279 4144 andra·
