2942 4625
251 370 313 430 212
518 378 714 435 CICERONIS
731 380 782 434 DII
800 380 1043 436 DIVINATIONE

251 582 448 645 accurrant?
482 581 624 644 etiamne
659 597 772 643 eurum
805 597 924 656 rerum,
960 598 1042 661 quse
1073 581 1183 645 nullae
1207 582 1315 645 sunt?

251 706 334 770 quae
365 690 416 751 est
445 689 533 754 enim
556 687 661 751 forme
684 690 753 751 tem
775 687 956 765 invisitata,
986 690 1056 751 tam
1078 690 1180 766 nulle,
1210 708 1314 771 quem

252 815 317 859 nen
340 796 404 860 sibi
427 796 498 879 ipse
520 796 643 876 fingere
659 796 790 859 enimus
806 794 936 877 possit?
958 797 1006 873 ut,
1030 814 1113 876 quae
1129 815 1314 877 numquam

252 904 404 981 vidimus,
424 921 462 968 ee
477 905 588 968 temen
603 902 781 967 informata
795 902 985 980 habeamus,
1002 902 1197 985 oppidorum
1213 907 1312 982 situs,

183 1013 233 1069 139
250 1013 422 1076 hominum
450 1011 583 1092 figuras.
634 1010 722 1075 Num
745 1011 857 1090 igitur,
887 1028 963 1073 cum
985 1012 1043 1075 aut
1065 1030 1176 1075 muros
1198 1011 1313 1094 Baby-

250 1122 336 1184 lonis
358 1122 415 1183 cut
429 1118 565 1181 Homeri
580 1118 699 1181 taciem
714 1119 834 1198 cogito,
857 1118 966 1198 imego
982 1118 1115 1183 illorum
1129 1138 1182 1183 me
1198 1120 1312 1200 aliqua

252 1228 369 1312 pellit?
421 1224 539 1290 Omnia
567 1226 681 1306 igitur,
710 1244 794 1307 quae
821 1226 983 1303 volumus,
1012 1228 1091 1290 note
1119 1228 1214 1291 nobis
1237 1246 1310 1292 esse

252 1336 407 1419 possunt;
436 1333 520 1398 nihil
551 1335 602 1397 est
631 1332 728 1410 enim,
761 1333 800 1396 de
829 1352 892 1414 quo
923 1335 1067 1414 cogitare
1096 1313 1309 1414 neuueemus.

251 1444 370 1508 Nullae
394 1460 470 1522 ergo
493 1442 654 1523 imagines
678 1440 841 1523 obrepunt
864 1442 899 1505 in
922 1441 1049 1505 enimos
1073 1441 1309 1507 dormientium

251 1553 464 1626 extrinsecus,
488 1568 548 1614 nec
569 1549 702 1613 omnino
718 1547 828 1612 fluunt
843 1548 941 1626 ullae,
964 1567 1025 1613 nec
1041 1550 1179 1631 cognovi
1195 1568 1308 1630 quem-

251 1679 359 1741 quam,
383 1660 440 1740 qui
462 1658 585 1722 meiere
608 1657 806 1720 auctoritate
828 1656 912 1720 nihil
937 1656 1070 1721 diceret.
1115 1659 1309 1722 Animorum

251 1770 302 1832 est
332 1786 371 1831 ee
400 1766 450 1829 vis
484 1782 586 1845 euque
614 1769 744 1841 nature,
774 1766 813 1827 ut
840 1765 975 1844 vigeant
1004 1765 1181 1845 vigilantes
1215 1766 1309 1829 nullo

250 1874 435 1940 adventicio
459 1873 568 1955 pulsu,
592 1870 649 1934 sed
673 1889 731 1934 suo
754 1874 847 1934 motu
862 1872 1050 1936 incredibili
1066 1872 1208 1953 quedam
1223 1873 1310 1937 cele·

249 1985 358 2048 ritate.
407 1981 452 2045 Hi
485 1999 560 2044 cum
594 1978 802 2042 sustinentur
827 1980 983 2044 membrIs
1010 1981 1060 2062 [et
1094 1981 1243 2063 corpere]
1275 1983 1308 2044 et

251 2090 418 2166 sensibus,
452 2089 562 2154 omnia
595 2087 735 2150 certiora
769 2090 917 2164 cernunt,
953 2088 1111 2168 cogitent,
1146 2089 1307 2152 sentiunt.

250 2198 333 2263 Cum
356 2200 466 2261 autem
488 2197 569 2260 haec
592 2194 762 2259 subtracta
785 2196 863 2258 sunt
887 2195 1101 2276 desertusque
1117 2198 1163 2258 est
1178 2196 1308 2274 enimus

249 2308 407 2388 languore
438 2304 594 2386 corporis,
621 2305 692 2366 tum
717 2303 864 2383 agitetur
885 2304 957 2385 ipse
980 2322 1039 2386 per
1062 2323 1142 2368 sese.
1190 2302 1307 2384 Itaque

251 2418 286 2480 in
310 2433 346 2478 eo
370 2416 403 2477 et
425 2412 548 2475 formae
571 2412 746 2474 versantur
769 2414 802 2474 et
825 2412 981 2489 ecti0nes‚
1005 2414 1039 2474 et
1061 2412 1166 2475 multe
1189 2412 1307 2489 audiri,

184 2528 233 2584 140
250 2524 356 2587 multu
379 2521 444 2584 dici
466 2519 630 2584 ridentur.
664 2517 755 2582 Hcec
778 2519 906 2583 scilicet
928 2519 963 2582 in
984 2519 1138 2582 inbecillo
1153 2522 1308 2584 remisso-

251 2649 314 2712 que
348 2629 457 2693 animo
489 2626 595 2690 multa
626 2626 778 2690 omnibus
809 2626 916 2690 modis
946 2625 1084 2691 confuse
1117 2628 1148 2691 et
1181 2629 1308 2691 veriats

251 2739 433 2812 versentur,
457 2751 671 2813 maxumeque
694 2734 853 2815 reliquiae.
875 2752 986 2798 rerum
1008 2751 1120 2797 earum
1135 2738 1308 2798 moventur·

251 2849 286 2910 in
314 2845 433 2909 animis
462 2844 495 2906 et
518 2843 696 2922 agitentur,
730 2841 769 2904 de
794 2842 914 2923 quibus
937 2842 1114 2922 vigilantes
1138 2845 1196 2905 cut
1220 2843 1308 2922 cogi·

249 2955 393 3018 tacimus
425 2952 483 3015 eut
514 2949 650 3030 egimus,
681 2951 718 3012 ut
741 2950 823 3012 mihi
845 2949 1050 3032 temporibus
1073 2950 1141 3013 illis
1163 2951 1306 3013 multum

258 3165 360 3172 ...θ’
368 3163 501 3169 --—-—-
508 3163 577 3168 ——--
587 3163 603 3167 -
614 3162 1057 3170 ——.---—--—..-....—-—-——-—.
1062 3162 1287 3170 --‡--..-----—-
1296 3162 1303 3167 .

192 3315 230 3355 138
249 3299 314 3349 tam
332 3292 437 3363 nulla]
460 3292 504 3347 ese
522 3292 663 3361 uvirlrelig,
682 3292 811 3362 umnlig«.

192 3400 230 3440 reo
251 3385 371 3440 Omnia
388 3385 526 3454 igitur..
539 3384 656 3452 ,Ἡμέων
673 3383 784 3452 betyder
805 3383 828 3436 »i
847 3384 877 3437 st
894 3383 965 3438 feld«
986 3385 1022 3452 (o:
1037 3382 1308 3436 hvisDemokrithar

249 3477 309 3544 ret).
351 3474 474 3528 Nullae
493 3490 570 3542 ergo
581 3516 586 3527 .
597 3516 603 3527 .
616 3473 633 3543 .]
653 3473 743 3527 Forud
760 3474 801 3527 for
819 3473 892 3528 dette
911 3473 955 3527 md
972 3472 1154 3527 underforstds
1173 3489 1206 3526 en
1224 3474 1306 3527 tenke

250 3583 321 3620 som:
340 3581 401 3618 men
420 3564 466 3618 det
484 3563 554 3618 vilde
573 3581 640 3618 vaere
657 3564 759 3632 ganslre
777 3563 923 3633 urimeligt.
964 3564 1091 3632 fluunt]
1109 3565 1128 3618 i.
1148 3581 1170 3618 e.
1190 3564 1309 3630 effluunt

250 3657 443 3724 ecorporibus
460 3654 634 3722 (Hottingerl.
670 3655 794 3707 maiore
818 3654 1032 3708 auctoritate
1056 3653 1144 3706 nihil
1163 3654 1305 3724 diceret]

253 3746 327 3800 »med
346 3749 430 3799 sterne
449 3745 588 3799 suffisance
606 3744 765 3798 fremsaetter
781 3747 863 3813 neget
881 3743 911 3798 st
928 3744 1107 3813 meniugslest
1129 3745 1225 3813 praeln.
1265 3746 1307 3798 in-

250 3836 413 3891 credibili
436 3835 588 3905 quadam]
616 3836 730 3904 ›ganstoe
754 3835 883 3904 utrolig‹;
908 3834 1010 3888 siledes
1034 3834 1305 3905 insomnes,

251 3929 284 3982 de
309 3944 349 3982 or.
373 3927 394 3980 Ι.
418 3927 443 3981 4.
468 3928 509 3995 14,
545 3925 719 3994 38.1720g
745 3925 800 3978 otte
827 3925 913 3979 ellers.
957 3924 992 3979 Ji.
1012 3924 1139 3993 thelsb.
1161 3925 1226 3981 Lat.
1250 3930 1307 3982 etl

192 4131 230 4170 140
250 4018 436 4174 dessffiiibus
455 4149 459 4158 .
481 4149 486 4159 .
506 4148 511 4158 .
531 4106 668 4174 egimus]
693 4105 747 4157 Det
769 4105 814 4158 md
837 4104 934 4173 betyde
957 4107 1039 4174 neget
1061 4104 1142 4157 audet
1166 4105 1218 4158 end
1241 4109 1304 4174 copi·
