2942 4625
234 341 296 402 176
497 350 692 407 CICERONIS
710 349 761 405 DE
779 349 1022 407 DIVINATIONE

233 551 329 616 modo
353 554 464 615 autom
485 541 571 616 istae
592 551 718 633 positae
742 550 778 613 in
799 549 858 614 illo
881 550 977 613 loco?
1001 550 1075 631 quis
1091 550 1191 613 robur
1205 548 1294 613 illud

234 658 364 736 cecidit,
388 658 522 736 dolavit,
544 659 741 740 inscripsit?
782 657 884 721 ‘Nihil
908 656 979 734 est’
1002 656 1168 739 inquiunt,
1193 655 1294 737 ‘quod

235 766 315 831 deus
337 766 466 831 efficere
490 784 557 829 non
579 765 704 847 possit)
739 764 876 829 Utinam
892 765 1053 847 sapientis
1070 762 1197 828 Stoicos
1213 762 1293 828 effe·

235 877 345 951 cisset,
372 891 414 938 ne
440 873 550 939 omnia
565 859 649 936 'cunr
670 872 903 955 superstitiosa
925 871 1151 935 sollicitudine
1173 874 1207 936 at
1228 871 1294 935 mi·

235 983 320 1046 seria
354 981 539 1045 crederent!
596 978 660 1044 Sed
689 981 752 1044 hoc
780 979 914 1060 quidem
943 998 1047 1060 genus
1078 979 1293 1043 divinationis

235 1091 304 1153 vita
332 1089 399 1152 iam
421 1088 604 1152 communis
627 1088 783 1169 explositr
812 1086 882 1150 iani
906 1086 1118 1168 pulchritudo
1142 1089 1175 1150 et
1197 1088 1293 1152 vetu-

237 1199 305 1260 stas
328 1195 620 1259 Praenestinarum
642 1196 743 1259 etiam
765 1211 854 1258 nunc
869 1195 992 1257 retinet
1008 1194 1146 1257 sortium
1161 1211 1292 1271 nomen,

180 1302 218 1356 87
237 1306 336 1384 atque
365 1302 400 1366 id
427 1304 462 1366 in
487 1303 604 1382 volgus
628 1339 668 1350 -
692 1303 766 1382 quis
790 1302 879 1365 eninr
898 1301 1114 1381 magistratus
1137 1304 1195 1365 aut
1218 1303 1293 1381 quis

236 1411 285 1474 vir
311 1411 484 1474 inlustrior
512 1410 620 1473 utitur
649 1409 817 1473 sortibus?
840 1445 876 1455 -
905 1408 1023 1473 ceteris
1051 1426 1126 1472 vero
1153 1410 1189 1473 in
1210 1409 1293 1473 locis

237 1519 341 1581 sortes
373 1518 471 1599 plane
493 1516 705 1591 refrixerunt3
736 1516 823 1596 quod
847 1514 1048 1579 Carneadem
1070 1514 1293 1580 Clitomachus

238 1625 352 1689 scribIt
376 1624 483 1689 dicere
507 1624 653 1700 solitum,
675 1641 841 1703 nusquam
862 1641 896 1687 se
919 1621 1173 1687 fortunatiorem
1196 1641 1294 1703 quam

206 1743 210 1756 ’
237 1731 414 1796 Praeneste
430 1731 552 1795 vidisse
564 1731 755 1794 Fortunam.
781 1731 868 1811 Ilrgo
883 1731 944 1793 hoc
960 1730 1174 1795 divinationis
1190 1749 1294 1811 genus
1399 1805 1403 1811 ‚

240 1841 446 1903 omittamus!

176 1948 220 2009 42
303 1946 353 2011 hd
369 1944 608 2010 Chaldaeorum
629 1947 777 2008 monstra
799 1945 984 2009 veniamus!
1019 1945 1068 2012 De
1091 1946 1211 2026 quibus
1227 1945 1294 2010 Eu-

240 2054 352 2131 doxus,
375 2053 526 2118 Platonis
555 2052 696 2128 auditor,
727 2054 763 2115 in
790 2053 968 2131 astrologIa
994 2052 1118 2117 iudicio
1140 2052 1294 2118 doctissi-

239 2180 367 2225 morum
389 2161 560 2224 hominum
582 2158 679 2224 facile
703 2161 867 2241 princepe,
892 2160 939 2223 sic
963 2161 1127 2242 opinatur,
1150 2159 1184 2223 id
1208 2159 1295 2240 quod

241 2269 401 2350 scriptum
424 2268 569 2349 reliquit,
593 2265 766 2332 Chaldaeis
789 2266 824 2330 in
848 2266 1072 2349 praedictione
1095 2269 1129 2331 et
1147 2269 1182 2332 ln
1199 2269 1295 2332 nota-

239 2376 330 2439 tione
346 2376 506 2456 cuiusque
521 2377 608 2440 ultae
624 2393 663 2438 en
674 2375 778 2438 natali
791 2375 844 2438 die
855 2375 990 2438 minIme
1003 2392 1074 2439 esse
1087 2375 1295 2439 credendum.

241 2639 342 2676 eamme
359 2622 456 2690 bruges
472 2621 501 2690 jo
520 2621 585 2691 ogsd
602 2621 612 2674 i
629 2637 690 2674 vore
708 2619 775 2690 dage
793 2620 844 2674 ved
858 2621 1082 2675 klaeselotteriets
1097 2621 1237 2690 traelming.
1263 2622 1297 2674 In

131 2725 135 2733 ·
241 2711 601 2780 iIIoIoco]o:istenen.
636 2710 1015 2780 Utinam-effecisset]
1041 2710 1086 2765 »ed
1102 2711 1150 2781 gid
1166 2711 1221 2765 han
1238 2710 1297 2779 (giu

241 2803 295 2856 han
318 2803 328 2856 i
351 2802 381 2855 sd
398 2802 466 2870 lald)
484 2843 490 2857 .
510 2845 516 2855 .
536 2822 571 2865 .‹;
593 2801 625 2870 jf.
648 2804 730 2856 neten
747 2801 770 2856 Ι.
787 2802 828 2857 38.
847 2801 889 2856 83.
933 2799 1084 2874 miseria]
1115 2802 1295 2870 ’engetelsffl⁸

240 2893 312 2945 vita
334 2893 533 2960 communIs]
558 2908 586 2944 se
603 2894 685 2945 noten
702 2891 725 2946 1.
744 2893 786 2946 39.
805 2892 846 2947 86.
887 2892 961 2946 lani
984 2890 1257 2960 pulchritudo..
1278 2891 1295 2960 .]

243 2981 303 3036 »det
320 2999 349 3035 er
365 2982 421 3035 kun
437 2983 566 3051 templete
584 2981 704 3035 skonhed
722 2997 757 3050 og
774 2981 848 3051 aelde,
867 2998 924 3035 eom
943 3023 949 3036 .
968 3024 974 3036 .
994 3024 1009 3050 .,
1027 2997 1062 3050 og
1079 2981 1126 3035 det
1139 2979 1296 3035 enddablot

241 3070 291 3125 hos
308 3072 440 3126 almucnr.

194 3170 221 3211 et
241 3164 300 3215 aut
317 3163 393 3230 quis
412 3204 418 3216 .
438 3204 443 3216 .
464 3162 482 3232 .]
503 3161 583 3215 ›eller
600 3160 777 3215 overhovedet
795 3203 801 3217 .
821 3205 826 3216 .
846 3182 878 3230 .‹‚
894 3160 985 3230 jhm.
1004 3150 1047 3216 58.
1074 3160 1292 3228 refrixerunt]

240 3267 267 3306 o:
285 3251 486 3322 begejstringen
504 3252 545 3305 for
563 3251 623 3305 dem
641 3267 670 3305 er
686 3245 783 3305 hle'ven
797 3252 908 3321 afholet,
929 3250 977 3306 »de
992 3268 1020 3305 er
1029 3251 1092 3305 ikke
1103 3268 1174 3305 mere
1188 3251 1294 3306 iknrsr.
1344 3318 1349 3325 Ι

240 3341 283 3396 En
306 3342 393 3396 raekke
414 3341 540 3411 lignende
565 3341 664 3411 udtryk
682 3358 710 3395 er
727 3342 845 3396 samlede
863 3343 873 3396 i
890 3342 1017 3411 ngelsb.
1039 3342 1105 3398 Lat.
1122 3343 1177 3397 at.⁸
1193 3358 1219 3410 p.
1236 3340 1294 3396 549.

241 3432 335 3497 Quod
359 3432 653 3500 Carneadem...]
679 3448 707 3485 se
730 3436 812 3486 noten
836 3432 878 3487 28.
897 3433 939 3487 62.
984 3432 1227 3500 Clitomachus]
1254 3429 1295 3485 fra

240 3522 387 3592 Karthago,
408 3526 441 3575 en
464 3522 495 3576 af
510 3522 683 3581 Academicos
705 3522 793 3576 ledere
814 3522 882 3576 efter
899 3522 1075 3577 Karneades's
1093 3521 1158 3587 ded;
1181 3525 1209 3576 et
1225 3522 1296 3576 vaerk

223 3612 271 3666 ·af
285 3612 348 3666 ham
365 3612 416 3666 har
432 3613 541 3666 ristnok
558 3615 639 3666 vaeret
657 3612 772 3666 Cicero's
782 3612 954 3666 hovedkilde
971 3614 981 3666 i
999 3612 1068 3666 2den
1086 3613 1139 3682 bog
1157 3611 1188 3667 af
1202 3614 1237 3667 dc
1254 3613 1294 3666 di·

240 3704 390 3758 unedone.
425 3701 536 3757 dicere
555 3703 703 3771 solitum]
723 3719 752 3756 se
769 3706 851 3757 noten
868 3703 891 3757 Ι.
911 3704 952 3759 16.
970 3704 1011 3757 29.

189 3795 224 3850 42
241 3793 402 3861 monstra]
421 3814 455 3841 =
469 3794 633 3861 praedicta3
657 3792 710 3862 dog
728 3809 756 3846 er
774 3791 820 3847 det
837 3793 943 3862 muhgt,
967 3796 996 3848 at
1015 3792 1106 3848 Cidero
1124 3792 1185 3848 med
1203 3810 1237 3846 en
1254 3793 1295 3847 vie

239 3882 335 3936 malice
352 3884 449 3952 vaelger
463 3883 523 3952 just
540 3882 614 3937 dette
629 3884 684 3952 ord,
702 3882 750 3937 der
761 3883 846 3952 plejer
859 3887 890 3939 at
903 3885 1000 3953 bruges
1014 3900 1057 3937 om
1068 3883 1114 3938 det
1125 3882 1295 3939 frastedende

241 3987 276 4040 og
292 3974 444 4042 unatnrlige
462 3974 502 4041 (se
519 3977 602 4027 notan
620 3974 641 4028 Ι.
660 3974 701 4028 42.
715 3974 769 4043 93),
787 3972 858 4028 altsd
878 3977 1041 4028 »monstrose
1058 3972 1231 4028 behudelserc
1251 3974 1295 4031 ell.

241 4061 307 4129 lign.
342 4062 508 4131 Eudoxus]
527 4063 568 4118 fra
585 4064 696 4132 Knidos,
715 4063 840 4119 lorfader
857 4064 887 4118 af
901 4064 962 4132 heJ't
979 4067 1071 4117 ansete
1088 4064 1296 4119 mathematiskc
