2942 4625
277 332 319 393 36
536 344 735 400 CICERONIS
755 344 805 399 DE
824 344 1073 400 DIVINATIONE

276 545 313 609 in
335 562 404 607 rem
427 546 503 626 apte
520 543 650 622 cadant,
673 544 745 609 fieri
765 544 862 609 crede
879 563 974 628 posse
995 544 1167 610 divinitus.
1191 544 1339 623 Quorum

278 652 425 715 emnium
447 651 656 735 interpretes,
686 655 724 715 ut
747 652 954 733 grammatici
981 654 1163 734 poetarum,
1191 654 1338 736 proxime

278 759 320 824 ad
353 777 476 837 eurum,
511 778 593 841 ques
626 761 900 842 interpretantur,
939 759 1149 825 divinitatem
1182 760 1340 825 ridentur

226 870 260 925 35
278 866 443 932 accedere.
493 866 583 946 Quae
607 870 658 932 est
680 868 785 949 igitur
807 868 873 932 ista
895 867 1072 946 calliditas,
1095 887 1148 933 res
1171 871 1338 933 vetustate

277 976 430 1040 robustas
461 975 694 1040 calumniando
722 975 807 1040 velle
836 978 1047 1057 pervertere?
1102 976 1188 1040 ‘Ncn
1209 976 1338 1060 reperio

278 1082 431 1147 causam?
483 1082 581 1147 Latet
608 1083 749 1148 fortasse
778 1083 981 1164 ubscuritate
1011 1085 1162 1149 involuta
1184 1086 1338 1159 naturae3

277 1210 344 1255 non
367 1191 455 1255 enim
477 1208 529 1254 me
554 1189 634 1255 deus
657 1192 723 1255 ista
747 1192 840 1269 scire,
865 1191 922 1256 aed
945 1192 997 1257 his
1019 1194 1152 1257 tantum
1174 1191 1271 1256 mode
1287 1192 1337 1256 uti

277 1299 393 1363 veluit.
447 1298 531 1363 Utar
560 1298 664 1379 igitur
694 1316 755 1362 nec
784 1298 939 1377 adducar,
972 1301 1092 1364 autin
1120 1302 1202 1364 entis
1233 1301 1340 1364 totam

278 1406 446 1471 Etruriam
469 1405 618 1483 delirare,
642 1410 700 1470 aut
723 1406 861 1471 eandem
882 1410 1014 1487 gentem
1028 1409 1064 1472 in
1079 1407 1265 1489 fulgoribus
1287 1425 1340 1470 er·

278 1532 349 1579 rare
384 1516 442 1578 aut
475 1513 640 1578 fallaciter
673 1517 828 1597 pertenta
860 1515 1082 1598 interpretari,
1123 1533 1199 1579 cum
1232 1517 1340 1579 terrae

279 1641 375 1706 saepe
398 1621 562 1700 fremitus,
591 1640 688 1705 saepe
711 1623 871 1703 mugitus,
899 1641 996 1706 saepe
1020 1631 1127 1688 metus
1149 1624 1256 1687 multa
1278 1642 1341 1686 no·

279 1736 366 1796 strae
393 1731 441 1795 rei
469 1730 631 1814 publicae,
658 1730 766 1795 multa
792 1732 910 1795 ceteris
941 1732 1134 1796 civitatibus
1165 1733 1277 1813 gravia
1306 1734 1341 1795 et

227 1841 262 1896 36
280 1857 356 1904 vera
378 1838 610 1921 praedixerint.
646 1837 755 1916 Quid?
778 1840 836 1919 qui
850 1838 1015 1904 inridetur
1030 1842 1145 1922 partus
1160 1840 1215 1904 hic
1230 1839 1340 1903 mulae

279 1985 322 1996 -
344 1965 464 2024 nonne,
487 1947 566 2027 quia
587 1946 676 2010 fetus
699 1946 809 2011 extit't
829 1948 864 2010 in
880 1947 1056 2012 sterilitate
1072 1951 1221 2026 naturae,
1244 1964 1340 2029 prae-

281 2055 390 2121 dictus
414 2057 464 2119 est
487 2054 527 2118 ab
551 2055 784 2137 haruspicibus
804 2055 1009 2120 incredibilis
1025 2058 1140 2138 partus
1155 2055 1339 2120 malcrum?

281 2163 391 2242 Quid?
447 2163 495 2226 Ti.
520 2160 688 2227 Gracchus
711 2161 748 2226 P.
772 2162 820 2240 R,
853 2164 910 2244 qui
937 2163 989 2228 bis
1019 2164 1136 2228 consul
1162 2166 1195 2227 et
1225 2180 1341 2227 censer

280 2271 354 2349 fuit,
378 2271 530 2352 idemque
550 2273 584 2335 et
607 2289 755 2336 summus
779 2289 885 2353 augur
908 2274 941 2336 et
964 2270 1014 2336 vir
1037 2270 1168 2354 sapiens
1192 2272 1339 2352 civisque

281 2382 463 2463 praestans,
486 2398 606 2457 nenne,
630 2381 668 2443 ut
691 2377 725 2443 0.
750 2378 928 2458 Gracchus
952 2380 1042 2444 filius
1066 2380 1147 2454 eius,
1179 2381 1339 2463 seriptum

279 2618 413 2672 irretirent
431 2618 524 2672 divine
542 2617 710 2684 funduntur.
738 2617 771 2671 in
789 2633 853 2670 rem
871 2621 948 2686 apte
966 2616 1098 2687 cadant]
1118 2634 1146 2673 c:
1164 2617 1248 2685 rigtig
1265 2616 1340 2685 given

281 2707 326 2761 det
343 2707 377 2761 til
394 2707 550 2761 forheldene
569 2707 696 2762 sverende
723 2708 845 2763 resultat.

236 2797 261 2839 ³5
281 2797 437 2868 adducar]
457 2820 489 2846 =
509 2798 647 2864 adducar,
674 2805 706 2853 ut
729 2799 849 2866 credam,
866 2797 961 2865 ,deifer
984 2798 1045 2854 akk.
1069 2816 1104 2854 m.
1128 2798 1177 2853 inf.
1202 2797 1339 2866 (Mdv.⁸§

281 2889 367 2944 3271>
386 2906 456 2945 anm.
474 2890 510 2958 4).

235 2988 260 3028 36
280 2983 401 3051 partus
419 2979 487 3050 hic]
499 2980 555 3035 Hic
571 2980 649 3050 tyder
666 2979 708 3050 pt,
728 2982 758 3034 at
773 2978 819 3032 det
833 2995 880 3032 var
895 2995 928 3032 en
943 2994 992 3046 nys
1007 2978 1155 3033 indtruffen
1164 2979 1338 3049 begivenhed.

281 3072 335 3126 Det
352 3074 396 3125 ter
412 3070 554 3138 formcdes‚
572 3073 601 3125 at
613 3070 787 3140 spddcmmen
800 3065 851 3124 har
865 3071 946 3124 reret
960 3085 1031 3122 mere
1045 3069 1164 3124 bestemt
1177 3071 1338 3139 immularet,

280 3162 332 3217 end
349 3161 398 3216 her
415 3178 444 3215 er
460 3161 582 3230 angivet3
601 3161 679 3215 eilers
697 3159 783 3215 matre
801 3160 848 3214 der
865 3160 971 3215 komme
990 3176 1023 3212 en
1040 3159 1225 3230 bemaerkning
1242 3177 1293 3230 cm,
1311 3164 1339 3214 at

281 3252 391 3307 datiden
407 3251 495 3305 harde
512 3254 593 3305 reret
611 3251 699 3320 saerlig
717 3253 789 3304 ramt
806 3250 836 3305 af
850 3250 971 3319 ulykker.
999 3250 1062 3304 Men
1081 3251 1149 3305 bade
1167 3252 1337 3321 spadcmmen

179 3412 183 3417 Ι
280 3360 315 3413 eg
339 3343 403 3397 dens
428 3341 575 3412 cpiyldelse
602 3340 772 3395 fcrudsaettes
796 3344 826 3395 at
848 3356 915 3394 vare
942 3340 1033 3396 keudt.
1078 3341 1124 3396 Ti.
1152 3340 1336 3410 Gracchus]

281 3435 378 3488 emtalt
401 3434 442 3489 17.
466 3435 514 3501 33;
538 3432 717 3501 fertaellingen
743 3431 799 3486 sttr
822 3431 887 3500 eget
911 3432 983 3511 Plut.
1007 3432 1047 3486 Ti.
1072 3429 1208 3486 Gracchus
1232 3431 1256 3484 1.
1296 3430 1337 3483 Til

279 3524 420 3580 ferettelse
444 3525 474 3578 af
495 3524 584 3580 stedet
607 3523 761 3592 bemoerkes‚
785 3525 815 3577 at
832 3522 963 3576 Romeme
980 3522 1081 3576 tankte
1099 3521 1141 3589 sig
1158 3519 1287 3573 mandens
1305 3536 1338 3588 og

280 3616 425 3669 hustruens
448 3616 524 3684 genii
545 3616 555 3668 i
580 3613 827 3683 slangeskikkelse;
854 3612 901 3667 det
929 3630 976 3667 var
999 3612 1087 3667 derfor
1110 3610 1288 3680 almindeligt‚
1309 3614 1337 3665 at

280 3722 343 3760 man
361 3704 468 3759 fredede
486 3723 530 3759 cm
549 3705 621 3760 disse
639 3703 968 3774 dyr(Aeseulap-slanger)
985 3705 995 3757 i
1012 3703 1122 3773 busane,
1141 3719 1175 3773 og
1187 3702 1219 3758 de
1234 3701 1336 3757 fandtes

280 3798 290 3851 i
309 3801 380 3852 stare
397 3813 499 3851 messer
516 3797 526 3850 i
544 3796 620 3866 Rom,
638 3795 706 3849 hver
722 3796 779 3849 kun
794 3794 827 3848 de
841 3794 958 3864 hyppige
973 3794 1129 3850 ildebrande
1145 3796 1216 3849 satte
1227 3809 1337 3863 granser

280 3889 322 3942 fer
345 3888 420 3942 dares
444 3887 596 3941 fermerelse
614 3886 695 3956 (Plin.
713 3887 740 3940 h.
758 3903 786 3941 a.
804 3885 902 3940 XXIX.
920 3885 974 3954 22).
1011 3884 1084 3955 egee
1101 3884 1267 3940 Aleksander
1288 3883 1335 3937 den

281 3983 366 4033 stores
390 3978 482 4032 moder
505 3977 591 4034 harde
615 3994 648 4031 en
671 3977 818 4046 huaslange
841 3976 889 4045 (II.
907 3976 949 4032 66.
968 3975 1037 4044 135).
1080 3977 1249 4045 scriptum
1266 3974 1335 4029 reli·

281 4069 368 4139 quit]
388 4086 416 4123 se
434 4071 516 4123 neten
534 4069 569 4125 Π.
588 4068 630 4124 29,
649 4068 691 4123 62.
