2942 4625
248 366 309 426 162
511 376 705 433 CICERONIS
724 377 774 430 DE
793 374 1035 432 DIVINATIONE

246 595 360 657 queue,
391 593 466 639 eum
496 595 572 639 eum
600 594 695 640 nemo
726 568 831 651 norat,
863 573 1083 637 etaiabatet
1050 574 1260 655 ettloqueba
1262 594 1310 638 ur

246 685 300 766 [ex
322 702 359 748 eo
382 702 502 747 nomen
524 684 684 765 invenit];
708 684 923 764 posteaquam
946 684 979 745 et
1002 682 1180 763 sedem[et
1196 684 1308 764 aram]

246 794 282 857 et¹
301 804 421 854 nomen
443 791 579 865 invenit,
604 790 794 853 obmutuit?
843 786 936 865 Quod
964 788 1051 852 idem
1078 788 1144 852 diei
1168 788 1206 851 de
1229 787 1305 852 Mo-

244 901 323 962 neta
345 900 470 980 potest3
495 916 513 960 a
537 915 602 978 qua
624 899 854 978 praeterquam
877 895 916 958 de
940 913 997 960 sue
1019 896 1117 977 plena
1133 895 1211 976 quid
1228 915 1306 958 um-

246 1024 344 1085 quam
366 1005 485 1069 moniti
508 1006 645 1068 eumue?

184 1078 227 1214 373
310 1112 377 1176 Sat'
353 1115 398 1176 trs
420 1112 490 1175 mul
492 1114 525 1175 ta
492 1111 589 1174 tde
612 1129 647 1174 os
650 1110 762 1174 tentio
810 1111 967 1192 Auspicia
989 1113 1117 1174 restant
1140 1113 1306 1175 etoortoe

244 1238 311 1297 eae,
342 1238 424 1299 quae
448 1218 625 1295 ducuntur,
655 1237 722 1281 non
744 1217 831 1291 illae,
860 1235 943 1297 quae
966 1218 1136 1281 vaticinat
1112 1221 1201 1281 t1one
1223 1217 1303 1280 fun-

245 1326 329 1390 dunt
315 1329 379 1403 tur,
404 1345 486 1406 quae
510 1325 619 1389 oraela
641 1325 750 1389 verius
775 1323 931 1399 dioimue3
955 1324 994 1388 de
1019 1325 1138 1405 quibus
1161 1328 1233 1389 tum
1249 1324 1305 1388 di-

244 1451 366 1511 oemus,
390 1450 465 1496 oum
488 1432 529 1495 ad
551 1433 737 1496 naturalem
754 1431 989 1496 divinationem
1005 1433 1200 1495 venerimus,
1234 1431 1303 1494 Re-

243 1543 310 1605 stat
331 1540 432 1604 etiam
451 1539 490 1603 de
510 1538 697 1614 Chaldaeia3
722 1538 779 1603 sed
795 1541 937 1620 primum
953 1540 1101 1621 auspicia
1117 1538 1304 1603 videamusl

150 1720 154 1728 ,
243 1647 408 1712 ‘Difficilis
439 1649 557 1727 auguri
590 1647 681 1710 loeus
716 1645 758 1710 ad
792 1649 906 1710 eontra
940 1645 1134 1711 dicendum)
1190 1646 1302 1709 Marso

242 1755 391 1832 fortasse,
423 1754 479 1819 sed
502 1755 649 1817 Romano
678 1753 879 1817 faoillumus.
930 1753 1006 1817 Non
1029 1755 1116 1817 enim
1139 1773 1251 1818 sumus
1274 1754 1301 1817 ii

242 1881 302 1926 nos
332 1880 482 1941 augurer,
513 1862 569 1942 qui
597 1862 707 1925 avium
729 1861 971 1942 reliquorumve
995 1862 1164 1941 signorum
1187 1861 1302 1924 obser-

242 1970 372 2033 vatione
402 1968 516 2032 futura
545 1968 701 2032 dieamus,
758 1968 800 2030 ut
833 1971 944 2032 tamon
975 1967 1081 2045 oredo,
1110 1968 1299 2044 Romulum,

243 2077 299 2157 qui
322 2076 437 2139 urbem
460 2077 630 2157 auspicato
653 2073 811 2152 condidit,
834 2075 989 2139 habuisse
1006 2074 1203 2158 opinionem,
1227 2093 1301 2139 ease

242 2185 276 2246 in
308 2181 519 2265 providendis
551 2183 649 2246 rebus
680 2181 865 2262 augurandi
895 2182 1068 2246 seientiam
1098 2220 1139 2229 -
1168 2182 1302 2246 errabat

241 2291 329 2354 enim
352 2289 466 2353 multia
490 2291 525 2354 in
547 2290 645 2354 rebus
669 2289 851 2370 antiquitas
875 2326 925 2366 —‚
951 2308 1049 2371 quam
1071 2290 1122 2354 vol
1147 2309 1208 2355 usu
1230 2291 1297 2354 iam

240 2396 292 2481 vol
323 2395 472 2460 doctrina
496 2397 578 2479 [vel]
602 2399 767 2460 vetustate
790 2398 999 2461 immutatam
1021 2397 1183 2472 videnum
1215 2399 1298 2460 reti-

239 2642 534 2711 quens—Moneta]
554 2659 582 2696 se
600 2643 622 2696 I.
641 2642 682 2696 45.
703 2643 759 2697 101.
802 2659 890 2696 aram
909 2687 914 2698 .
935 2686 940 2698 .
961 2687 965 2697 .
986 2644 1224 2711 consecratam]
1244 2642 1298 2696 Om

239 2732 291 2786 den
314 2733 464 2802 pludselige
488 2749 622 2801 evergang
642 2733 677 2785 til
701 2732 819 2786 indirekt
842 2733 897 2787 tale
920 2750 948 2786 se
966 2737 1047 2786 notan
1065 2734 1087 2787 I.
1108 2733 1147 2787 17.
1166 2734 1208 2790 32.
1253 2734 1301 2801 [et

239 2822 354 2894 arnmfl
383 2839 410 2876 se
437 2823 500 2876 filol.
529 2822 638 2876 tidsskr.
662 2826 679 2876 l.
703 2825 719 2877 l.
744 2840 768 2891 p.
793 2824 828 2877 30
850 2823 868 2878 f.
913 2823 996 2891 quid
1022 2824 1144 2876 moniti
1172 2823 1298 2893 sumus]

240 2911 368 2981 Mdv.⁰§
386 2913 480 2966 1951).

190 2987 225 3041 33
243 3019 312 3070 eae,
336 3019 417 3071 quae
441 3003 620 3070 ducuntur]
645 3018 672 3056 o:
696 3002 797 3071 loquer,
818 3003 927 3057 medena
950 3010 1037 3057 sortes
1056 3002 1085 3070 jo
1104 3002 1168 3071 ogei
1186 3003 1301 3072 betyder

194 3056 220 3097 ⁷⁰
240 3092 399 3145 orakelsvar.
434 3092 555 3163 Marso]
576 3109 603 3146 se
621 3095 702 3146 neten
720 3093 742 3146 I.
761 3092 803 3148 58.
822 3093 878 3146 132.
910 3093 983 3146 Non
1002 3092 1299 3163 enim-dieamus}

239 3181 291 3235 Om
318 3198 478 3249 auguremes
506 3181 677 3235 virkaomhed
704 3183 776 3251 sigen
798 3183 909 3252 Madvig
932 3183 974 3252 (R.
1002 3183 1228 3252 sternuere
1251 3183 1298 3251 f.):

241 3271 310 3324 »Det
328 3272 482 3341 vasentlige
500 3289 547 3326 var
564 3272 744 3341 iagttagelsen
763 3289 797 3341 og
814 3272 1021 3342 bedemmelsen‚
1039 3274 1049 3325 i
1067 3272 1165 3326 folkets
1180 3290 1251 3327 navn
1264 3289 1303 3343 og

238 3362 375 3430 interesse,
394 3362 424 3416 af
440 3362 472 3416 de
490 3365 563 3432 tegm
581 3362 717 3416 hvorefter
734 3363 866 3431 gudernes
884 3363 1044 3431 indvilgelse
1062 3363 1126 3417 eller
1141 3363 1304 3418 forbudved

237 3452 493 3521 statsforetagender
517 3469 551 3521 og
574 3453 711 3521 offentlige
735 3452 937 3521 forhandlinger
964 3452 1112 3508 erkendtes.
1132 3497 1137 3507 .
1158 3497 1189 3509 ..
1217 3454 1302 3508 Disse

236 3545 309 3610 tegn,
331 3542 377 3595 der
394 3543 457 3596 ikke
475 3542 522 3612 gtr
540 3542 577 3595 ud
593 3542 629 3611 pt
645 3558 733 3611 nogen
752 3543 872 3611 egentlig
889 3543 1065 3612 forudsigelse
1083 3544 1113 3597 af
1128 3543 1175 3598 det
1192 3544 1303 3597 tilkom=

236 3633 339 3700 mande,
358 3648 419 3686 men
438 3633 496 3687 blot
514 3632 549 3701 pt
565 3632 716 3686 tilstedelse
735 3632 801 3685 eller
818 3632 922 3701 forban,
940 3632 1041 3686 hedder
1060 3637 1182 3703 auquria
1201 3651 1236 3703 og
1252 3651 1302 3688 ou-

234 3725 349 3791 opieia.‹
393 3723 605 3791 reliquorum
630 3723 819 3791 signorum]
843 3724 903 3776 isaer
924 3723 971 3792 lyu
993 3740 1028 3793 og
1047 3726 1208 3793 tripudium.
1250 3740 1299 3777 au·

236 3812 381 3883 spicato]
401 3829 429 3866 se
447 3816 529 3866 neten
543 3813 564 3867 l.
579 3812 637 3866 23.
665 3829 741 3866 esse
759 3814 793 3866 in
811 3813 1038 3881 providendis
1056 3814 1168 3882 rebus]
1189 3814 1302 3869 »bestool

235 3905 245 3956 i
272 3903 370 3971 (harde
398 3903 432 3956 til
457 3905 569 3972 opgave)
595 3906 624 3957 at
652 3903 761 3957 forudse
787 3903 832 3957 det
858 3903 1075 3958 tilkommender.
1126 3904 1300 3959 usu-doe

234 3995 339 4062 trina]
360 3993 627 4063 »pratris-theeri«.
656 3993 708 4047 (lm
729 3992 775 4046 det
791 3990 835 4062 fig.
854 3993 925 4063 [oet]
944 4010 972 4047 se
989 3993 1053 4049 filol.
1072 3994 1180 4049 tidsakr.
1200 3995 1217 4049 l.
1236 3996 1251 4047 l.
1269 4011 1298 4062 p.

233 4083 268 4135 36
286 4083 304 4137 f.
340 4087 515 4138 vetustate
538 4083 766 4153 immutatam]
794 4083 945 4137 »forandret
966 4085 976 4137 i
998 4084 1087 4138 tideus
1110 4084 1170 4138 lab«
1196 4084 1238 4153 (js.
1263 4085 1299 4140 do
