2942 4625
517 384 587 439 arn.
606 383 629 438 1.
648 383 688 437 18.
708 382 818 439 34-19.
837 381 879 438 ar.
909 367 912 372 ’
1187 370 1227 431 37

167 584 316 665 reliquit,
341 583 470 648 duobus
493 583 657 664 anguibus
681 582 770 647 domi
787 583 1022 664 conprehensis
1037 582 1230 665 haruspices

169 692 387 756 convocavit?
411 693 468 771 qui
491 711 566 755 cum
588 691 848 773 respondissent,
872 691 900 754 si
915 708 1039 753 marem
1055 691 1229 769 emisisset,

169 799 263 864 uxori
304 799 396 863 brevi
434 801 582 881 tempore
625 816 695 863 esse
732 797 949 875 moriendum,
995 799 1023 861 si
1061 796 1229 876 feminam,

168 908 245 990 ipsi,
270 907 407 988 aequius
431 925 502 971 esse
526 909 669 986 censuit,¹
690 926 724 970 se
740 908 905 969 maturam
921 908 1075 988 oppetere
1090 908 1230 970 mortem

170 1033 270 1096 quam
292 1013 330 1078 P.
347 1014 496 1079 Africani
518 1015 621 1079 filiam
645 1014 905 1088 adulescentem3
928 1013 1086 1077 feminam
1109 1015 1229 1092 emisit,

169 1125 242 1205 ipse
266 1122 381 1205 paucis
405 1124 480 1204 post
503 1113 693 1187 diebus'est
715 1124 876 1186 mortuus.

234 1228 441 1295 Inrideamus
463 1230 665 1312 haruspices
689 1249 801 1307 vanos,
824 1229 954 1294 futtiles
977 1247 1048 1294 esse
1070 1229 1227 1307 dicamne,
1250 1220 1288 1280 19

171 1356 376 1419 quorumque
400 1337 609 1420 disciplinam
633 1340 665 1402 et
688 1338 955 1420 sapientissimus
977 1340 1028 1402 air
1043 1341 1076 1401 et
1092 1342 1229 1402 eventus

170 1466 209 1511 ae
232 1464 284 1510 res
312 1445 536 1536 conprobavit,
567 1448 833 1521 contemnamus3
860 1443 1103 1509 condemnemus
1130 1447 1231 1510 etiam

170 1554 375 1636 Babylonem
398 1555 430 1617 et
454 1572 518 1631 eos,
548 1554 644 1634 quie
668 1537 813 1618 Caucaso
837 1554 921 1618 caeli
943 1555 1038 1634 signa
1061 1556 1230 1617 servantes

170 1662 317 1726 numeris
350 1662 399 1743 [ct
425 1661 587 1744 motibus]
619 1662 791 1726 stellarum
825 1679 941 1726 cursus
975 1663 1229 1744 persequuntur,

171 1768 437 1846 condemnemus,
465 1770 611 1849 inquam,
639 1770 699 1834 hos
723 1772 781 1834 aut
805 1770 968 1834 stultitiae
992 1771 1051 1833 aut
1072 1769 1231 1832 vanitatis

171 1879 230 1941 aut
263 1877 490 1959 inpudentiae,
525 1879 583 1958 qui
617 1878 860 1958 quadringenta
894 1878 1106 1960 septuaginta
1139 1876 1232 1940 milia

172 2003 343 2062 annorum,
366 1987 405 2048 ut
427 1984 492 2067 ipsi
517 1985 642 2062 dicunt,
665 1986 889 2049 monumentis
913 1985 1137 2067 conprehensa
1153 2002 1231 2047 con-

170 2092 290 2169 tinent,
314 2094 347 2156 et
362 2093 497 2156 mentiri
512 2092 696 2157 iudicemus
712 2110 783 2170 nee,
807 2093 1014 2157 saeculorum
1028 2092 1231 2172 reliquorum

170 2199 332 2264 iudicium
355 2200 442 2281 quod
466 2200 504 2265 de
528 2202 609 2283 ipsis
628 2201 780 2265 futurum
797 2202 851 2278 sit,
875 2201 1115 2282 pertimescere.
1149 2201 1229 2280 Age,
1247 2205 1282 2259 37

171 2308 304 2374 barbari
331 2310 408 2374 vani
436 2311 534 2391 atque
562 2309 711 2374 fallaces!
746 2330 827 2374 num
854 2310 955 2374 etiam
978 2307 1152 2373 Graiorum
1177 2306 1230 2371 hi·

173 2418 274 2481 storia
296 2419 437 2497 mentita
460 2420 531 2482 est?
565 2417 655 2497 Quae
678 2416 796 2482 Croeso
812 2417 954 2502 Pythius
978 2418 1107 2500 Apollo,
1131 2419 1169 2480 ut
1190 2416 1229 2480 de

172 2525 318 2590 naturali
349 2525 551 2590 divinatione
581 2525 697 2604 dicam,
727 2544 810 2607 qnae
840 2526 1110 2603 Atheniensibus,
1146 2544 1229 2606 quac

173 2632 451 2711 Lacedaemoniis
484 2651 567 2713 quae
591 2633 754 2715 Tegeatis,
783 2652 865 2715 quae
889 2636 1030 2714 Argivis,
1062 2651 1144 2714 quae
1168 2631 1229 2696 00-

174 2836 337 2906 Caucaso]
368 2837 424 2891 Det
449 2836 503 2889 ken
528 2852 596 2889 vare
623 2836 772 2904 tvivlsomt‚
801 2853 845 2890 om
872 2835 919 2889 der
944 2852 1035 2890 menes
1062 2835 1115 2904 det,
1139 2835 1166 2889 vi
1194 2836 1228 2889 el·
1247 2835 1281 2890 19

172 2925 303 2996 mindelig
325 2926 419 2981 kalder
436 2926 584 2994 Kaukasos,
603 2926 668 2980 eller
685 2927 809 2996 (ligesom
831 2927 909 2981 ilaec.
928 2926 963 2982 H.
982 2926 1023 2981 22.
1041 2926 1076 2981 52
1097 2928 1230 2982 Callanus

175 3018 263 3073 Indus
279 3057 285 3071 .
299 3059 305 3073 .
318 3061 324 3074 .
339 3020 370 3072 ia
387 3019 532 3073 radicibus
552 3020 674 3072 Caucasi
689 3019 785 3087 auum)
804 3017 855 3071 den
873 3016 1120 3071 Indish-Bahtrishe
1138 3017 1229 3087 bjaerg-

172 3108 245 3162 hade
269 3108 456 3176 Paropamisos
481 3107 688 3177 (Hindohusch),
712 3107 759 3162 der
782 3108 848 3177 ogei
870 3108 976 3162 kaldtes
1000 3107 1140 3162 Kaukasos
1159 3109 1228 3177 (Art.

173 3190 250 3268 ἆνοῖβ.
268 3199 300 3254 V.
318 3198 343 3254 5.
362 3200 398 3267 3).
440 3199 498 3267 qui
517 3198 774 3267 quadringenta
793 3243 798 3254 .
818 3242 824 3254 .
844 3200 860 3267 .]
878 3198 914 3254 Jf.
933 3199 1008 3259 Lact
1027 3201 1091 3254 inst.
1109 3199 1169 3254 VII.
1188 3200 1229 3253 14.

173 3288 229 3342 Der
251 3288 360 3357 angives
379 3289 457 3343 cllcrs
474 3289 585 3344 473000
602 3288 637 3359 br,
656 3292 751 3358 regnet
767 3291 801 3343 til
819 3288 1006 3343 Aleksander's
1025 3292 1073 3358 tog
1089 3289 1152 3343 mod
1170 3290 1228 3343 Per·

173 3395 248 3432 seruc
267 3378 388 3447 (Diodor,
406 3378 441 3433 H.
460 3380 513 3448 31).

174 3468 363 3537 Graiorum]
382 3469 497 3523 Formeu
517 3470 601 3524 Graii
617 3468 715 3538 bruges
734 3486 768 3523 en
786 3470 830 3524 del
848 3469 937 3523 steder
954 3469 984 3523 af
1000 3470 1101 3539 Cicero,
1118 3470 1228 3524 medens
1248 3486 1274 3526 37

173 3559 224 3613 den
242 3560 320 3614 ellers
339 3576 367 3613 er
378 3559 488 3628 ajalden
503 3560 513 3612 i
527 3577 613 3628 prosa.
641 3560 777 3627 Croeso]
792 3559 894 3614 Blandt
908 3560 1108 3615 orehelsvarene
1123 3561 1157 3615 til
1165 3560 1229 3615 ham

173 3666 201 3702 er
230 3648 276 3703 det
301 3650 435 3704 bekendte
460 3650 612 3719 tvetydigc:
641 3651 763 3726 Κροῖσος
781 3649 860 3706 Ἅλυν
887 3646 981 3721 διαβὰς
997 3645 1123 3725 μεγάλην
1140 3645 1230 3728 ἆρχὴν

173 3731 319 3794 καταλύσει
334 3741 428 3808 (Arist.
446 3742 515 3796 rhet.
530 3741 580 3796 III.
599 3740 616 3795 5
634 3757 668 3810 og
679 3741 775 3795 Suidas
787 3760 809 3797 s.
821 3759 845 3796 o.
857 3743 890 3795 Κ
889 3750 991 3818 ροῖσος;
1011 3748 1116 3798 oversat
1133 3744 1229 3799 idette

173 3829 253 3883 skrift
276 3830 311 3885 H.
330 3831 371 3886 56.
391 3833 460 3901 115).
501 3832 591 3886 Andre
614 3848 675 3886 ever
697 3849 804 3887 naevnes
828 3833 926 3889 Herod.
949 3835 1031 3902 147,
1054 3835 1097 3904 55,
1119 3835 1162 3900 85,
1185 3835 1227 3890 91.

172 3920 462 3992 Atheniensibus]
487 3921 584 3976 Herod.
603 3923 635 3976 V.
653 3922 694 3991 89,
717 3923 777 3978 VH.
798 3925 884 3979 1400.
904 3942 927 3979 o.
945 3925 971 3980 fl.
991 3928 1024 3980 st.
1066 3926 1228 3981 Lacedae·

172 4011 310 4081 moniis]
328 4011 426 4067 Herod.
444 4012 466 4066 I.
484 4013 519 4065 66
536 4011 563 4082 f,
581 4012 643 4068 VH.
662 4013 721 4083 220,
740 4014 814 4070 VHI.
834 4016 892 4070 114.
920 4016 1093 4086 Tegeatis]
1113 4018 1228 4072 Svarene

172 4101 221 4156 hos
239 4102 360 4157 Herodot
375 4103 398 4157 Ι.
416 4103 450 4157 66
467 4102 486 4157 f.
504 4103 602 4172 galder
620 4104 685 4173 ogst
700 4104 768 4161 dem.
796 4105 948 4179 Argivis]
967 4106 1065 4163 Herod.
1075 4108 1121 4164 VI.
1132 4109 1172 4179 19,
1185 4108 1227 4178 77,
