2942 4625
592 400 699 455 urar.
720 402 743 456 1.
762 401 838 456 a-a.
857 403 882 457 4.
1248 390 1266 446 7

207 600 342 664 Etruria
365 602 538 666 seientiam
562 600 772 677 adhibebant,
796 620 836 665 ne
860 619 963 682 genus
988 604 1074 664 esset
1094 602 1200 664 ullum
1217 600 1268 665 di-

206 709 397 785 vinationis,
428 709 514 790 quod
543 710 732 789 neglectum
760 710 799 773 ab
828 711 868 774 iis
898 708 1074 773 videretur.
1125 709 1167 771 nt
1191 726 1303 779 eume

207 816 337 880 duobus
366 817 472 881 modis
496 818 598 881 animi
621 817 691 881 sine
714 819 841 883 ratione
866 820 898 880 et
923 817 1062 880 seientia
1085 820 1177 879 motu
1201 817 1266 898 ipsi

207 942 268 987 suo
297 924 406 990 soluto
434 928 467 988 et
495 925 598 988 libero
628 925 856 1001 incitarentur,
887 944 952 989 uno
976 924 1133 1000 furentes,
1163 925 1266 988 altero

207 1033 421 1108 somniantes,
446 1033 564 1097 furoris
589 1033 826 1097 divinationem
839 1031 1009 1115 Sibyllinis
1032 1032 1171 1095 maxime
1195 1050 1267 1095 ver-

207 1139 301 1204 sibus
332 1142 494 1205 contineri
524 1141 676 1205 arbitrati
706 1159 819 1204 eorum
848 1141 960 1205 deoern
988 1141 1186 1222 interpretes
1210 1140 1267 1203 de·

209 1248 311 1312 laotos
336 1267 352 1312 e
377 1249 510 1312 civitate
534 1267 605 1312 esse
628 1249 814 1312 uoluerunt.
870 1249 1004 1328 Exque
1028 1266 1145 1328 genere
1170 1266 1266 1329 saepe

206 1356 409 1420 hariolorum
432 1358 532 1420 etiarn
556 1360 589 1420 et
611 1359 724 1420 vatum
741 1356 937 1420 furibundas
954 1356 1205 1437 praedietionas,
1228 1359 1267 1418 ut

208 1462 389 1528 Ootaviano
412 1465 498 1527 bello
519 1463 662 1529 Cornelii
677 1462 827 1541 Culleoli‚
852 1463 1031 1527 audiendas
1055 1465 1266 1545 putaverunt.

208 1572 277 1635 Neo
308 1591 383 1636 vero
414 1575 541 1636 somnia
575 1574 734 1653 graviora,
765 1572 794 1636 si
825 1591 906 1654 quae
936 1571 976 1635 ad
1007 1591 1076 1635 rem
1098 1572 1266 1653 publioaru

208 1682 374 1761 pertinere
403 1681 472 1744 visa
501 1684 588 1759 sunt,
624 1700 642 1745 a
673 1700 800 1745 summo
830 1681 967 1744 oonsilio
996 1680 1147 1759 neglecta
1177 1683 1265 1743 sunt.

208 1787 296 1865 Quin
327 1788 427 1852 etiarn
454 1791 611 1852 memoria
634 1792 747 1853 nostra
770 1789 931 1870 templum
953 1787 1091 1851 Iunonis
1116 1786 1266 1869 Sospitae

210 2143 337 2211 aliquan,
366 2160 475 2213 »sparge
494 2149 527 2197 eu
545 2145 578 2198 til
596 2144 683 2213 roos«,
706 2144 791 2197 findas
815 2143 880 2212 ogsb
899 2161 921 2197 o.
941 2143 1057 2212 aliquid,
1085 2158 1162 2211 agore
1185 2145 1266 2209 neget

207 2232 242 2285 til
264 2234 397 2301 genstand
419 2234 460 2287 for
482 2234 681 2304 rbdslagning«,
706 2235 849 2288 rindhente
871 2233 919 2287 rad
943 2232 1079 2301 angaende
1101 2235 1197 2301 neget«
1218 2232 1267 2296 (sb-

207 2323 281 2377 ledes
298 2342 352 2393 pro
373 2326 449 2382 Mur.
467 2327 508 2381 13.
527 2327 568 2395 28,
589 2328 627 2380 ad
643 2329 710 2394 fam.
729 2328 762 2381 X.
777 2326 817 2380 22.
832 2328 873 2394 2);
898 2325 963 2394 ogsb
982 2342 1003 2379 o.
1024 2326 1142 2392 aliquem
1159 2325 1267 2393 aliquid
1309 2352 1312 2357 ·

208 2415 261 2480 (ud
279 2419 334 2471 Art.
346 2415 405 2470 VII.
424 2418 465 2472 20.
484 2419 518 2486 2).
560 2418 597 2471 ab
617 2418 669 2486 iis]
704 2418 773 2470 Hvis
796 2416 850 2485 det,
868 2416 915 2470 der
932 2433 960 2469 er
977 2415 1089 2484 udtrykt
1107 2416 1116 2468 i
1134 2416 1267 2484 hensigts-

207 2506 366 2575 saetningen,
385 2508 499 2578 virkelig
517 2526 564 2562 var
580 2512 655 2562 ment
673 2525 730 2561 som
749 2525 782 2562 on
797 2508 914 2576 hensigt,
933 2506 1018 2559 harde
1032 2506 1188 2560 forfatteren
1203 2506 1266 2559 ikke

208 2596 290 2665 brugt
306 2599 349 2668 o'e's,
369 2615 430 2652 men
448 2617 477 2653 oe
495 2600 560 2653 eller
577 2602 658 2668 ipsis,
680 2616 740 2652 rnen
759 2598 827 2651 bade
845 2599 855 2651 i
873 2598 953 2651 Latin
973 2614 1007 2665 og
1024 2597 1105 2651 andro
1125 2613 1204 2665 sprog
1222 2596 1266 2649 ud·

207 2687 317 2755 tryklres
334 2688 387 2743 den
404 2689 571 2758 nodvendige
589 2690 660 2759 folge
679 2689 733 2743 ofte
753 2707 809 2743 som
825 2690 934 2758 hensigt
949 2689 1017 2757 (rior
1030 2692 1059 2741 at
1072 2704 1135 2756 gere
1150 2687 1267 2756 ulykken

206 2775 382 2848 fuldstaendig
400 2823 405 2835 .
423 2794 431 2835 ·.
452 2803 472 2835 .‹
498 2782 577 2849 osu),
602 2780 634 2849 jf.
660 2798 714 2850 quo
738 2783 829 2835 mutuo
850 2784 888 2836 sit
909 2781 945 2835 II.
969 2780 1010 2834 68.
1036 2779 1086 2832 141
1111 2794 1145 2845 og
1173 2786 1205 2833 ut
1228 2778 1268 2832 od

207 2875 285 2922 oeteo
302 2872 444 2926 ueniamus
460 2871 495 2926 Π.
514 2873 555 2925 41.
574 2872 615 2927 85.

207 2957 277 3011 sine
296 2961 423 3015 ratione
441 2966 473 3016 et
492 2964 641 3031 seientia]
664 2963 748 3016 »udan
762 2962 918 3029 theoretisk,
937 2959 1152 3028 videnskaboligt
1169 2958 1297 3028 grand-4

207 3047 266 3117 lag«
278 3050 399 3117 (hosden
410 3051 604 3122 divinarende);
615 3055 689 3109 ratio
700 3070 727 3106 er
737 3053 915 3121 spekulation,
924 3050 1074 3105 theoretisk
1083 3051 1265 3119 betragtning,

206 3141 323 3194 scientio
340 3139 460 3197 den'ved
478 3143 681 3212 vidonskabelig
698 3144 839 3211 forskning
856 3142 1010 3195 indvundne
1029 3141 1117 3197 viden.
1150 3141 1187 3195 Jf.
1206 3157 1263 3194 son-

207 3230 320 3299 dringen
346 3233 454 3287 mallem
481 3233 512 3288 de
540 3238 567 3288 to
595 3233 879 3293 divinationsmbderi
898 3251 919 3288 o.
938 3234 962 3287 6.
1002 3236 1090 3285 motu
1113 3233 1177 3300 ipsi
1197 3231 1263 3299 suo]

206 3321 312 3388 (Μᾱν.Β
329 3324 346 3392 ξ
363 3324 450 3378 4291)
478 3325 571 3394 slutn.)
597 3324 661 3378 »ved
685 3341 718 3378 en
742 3323 914 3393 selvstandig
937 3307 1112 3392 b'evaegelseq
1141 3322 1266 3390 begrebet

209 3413 410 3484 »selvstaendig‹
432 3432 537 3485 urgeres
555 3416 702 3495 yderligere
720 3416 770 3469 ved
788 3415 935 3483 tilfejelsen
953 3415 983 3468 af
997 3418 1085 3469 solato
1101 3415 1141 3481 (so
1154 3413 1264 3481 Nagels-

206 3501 275 3556 bach
295 3505 362 3562 Lot.
380 3507 511 3563 abliobb⁸
528 3524 553 3575 p.
572 3506 633 3573 305)
652 3524 687 3576 og
708 3507 801 3561 libero.
841 3505 958 3573 deoom]
987 3504 1144 3574 Oprindelig
1168 3504 1212 3570 (til
1236 3502 1265 3555 br

204 3596 268 3663 367)
291 3613 337 3650 var
361 3597 406 3651 det
426 3598 526 3667 Ham
548 3598 589 3650 fra
613 3599 709 3652 Sulla's
727 3597 769 3650 tid
790 3599 820 3651 X
824 3598 906 3651 Voin'.
943 3613 956 3650 e
975 3596 1123 3663 civitate]
1143 3594 1213 3648 altsb
1232 3610 1263 3647 en

184 3693 186 3696 ⁴
207 3686 386 3758 modsaetning
394 3690 606 3757 ulboroopo'coo.
627 3688 806 3743 Octaviano
821 3688 917 3756 bello]
931 3703 957 3741 o:
972 3687 1066 3755 krigen
1076 3685 1105 3739 br
1113 3686 1147 3740 87
1157 3685 1264 3738 mollem

206 3777 337 3832 lronsulen
356 3779 484 3834 Octavius
503 3779 538 3848 pb
556 3780 606 3833 den
625 3796 673 3833 ene
689 3778 757 3847 side,
776 3778 863 3833 Cinna
881 3795 915 3847 og
928 3779 1029 3832 Marius
1047 3777 1082 3845 pb
1100 3776 1151 3830 den
1169 3776 1263 3830 auden.

206 3867 297 3924 Corn.
309 3870 462 3939 Culleoli]
478 3871 622 3925 ubelrendt.
645 3886 766 3923 summo
782 3868 932 3937 oonsilio]
947 3884 972 3922 o:
987 3871 1099 3922 senatet.
1126 3866 1263 3920 Iunonis

207 3961 368 4031 Sospitae]
387 3979 420 4016 en
443 3962 592 4031 oprindelig
609 3961 765 4015 Lanuvinsk
782 3959 912 4029 guddom3
936 3960 991 4012 hun
1009 3956 1197 4011 fremstilledes
1222 3957 1264 4010 be-

205 4052 318 4121 vrebnet,
336 4054 419 4107 lrlaedt
436 4055 446 4107 i
464 4057 492 4108 et
509 4053 656 4122 gedeskiud
674 4069 708 4121 og
725 4051 787 4105 med
805 4050 954 4104 suabelsko.
982 4050 1012 4106 L.
1030 4047 1150 4115 Julius]
1166 4047 1264 4101 Caesar
