2942 4625
517 391 585 445 ΠΒ.
603 390 640 445 II.
660 389 701 444 20.
719 389 831 444 47-22.
849 389 891 444 49.
1171 373 1230 434 147

175 596 314 677 possint,
338 592 395 657 sed
410 611 476 655 non
493 609 620 673 pugn0;
644 588 792 652 abundas
812 587 899 650 enim
916 586 1090 651 similibus.
1118 585 1231 650 Habes

176 705 209 766 et
235 701 474 782 respersionem
502 698 746 779 pigmentorum
776 697 809 759 et
835 696 980 758 rostrum
1009 693 1077 757 suis
1107 696 1140 757 et
1167 693 1233 756 alia

176 809 350 892 permulta.
386 806 480 869 Idem
502 803 702 868 Carneadem
724 802 849 882 fingere
873 801 955 864 diois
979 800 1018 864 de
1042 802 1149 882 eapite
1168 799 1232 863 Pa-

175 918 274 991 nisoi3
298 914 393 995 qnasi
415 933 482 977 non
505 913 650 993 potuerit
671 910 705 974 id
722 911 852 973 evenire
868 926 947 973 oasu
963 911 996 971 et
1011 909 1128 971 nonin
1145 907 1234 970 omni

175 1041 335 1087 marmore
363 1038 497 1084 neeesse
525 1020 568 1083 sit
591 1020 699 1082 inesse
722 1018 774 1080 uel
797 1015 976 1080 Praxitelia
999 1016 1121 1097 oapita!
1170 1013 1234 1077 Illa
1298 1093 1301 1097 ¹

175 1131 262 1194 enim
285 1132 359 1211 ipsa
382 1127 573 1191 efficiuntur
596 1125 809 1201 detractione,
833 1142 939 1205 neque
962 1125 1137 1204 quiequam
1153 1122 1233 1185 illue

176 1237 322 1301 adfertur
346 1255 364 1298 a
386 1235 564 1308 Praxitele;
595 1233 652 1298 sed
680 1250 755 1296 oum
781 1232 888 1295 multa
918 1233 996 1295 sunt
1024 1230 1172 1294 detracta
1201 1232 1234 1292 et

176 1345 217 1408 ad
239 1344 433 1407 liniamenta
457 1344 522 1406 oris
546 1343 741 1423 perventum
756 1344 816 1414 est,
839 1342 911 1403 tum
931 1339 1115 1418 intellegas,
1139 1336 1233 1414 iliud,

135 1430 137 1434 ⁵
177 1451 262 1532 quod
286 1451 353 1514 iam
375 1451 555 1532 expolitum
578 1449 631 1526 sit,
655 1449 747 1512 intus
770 1447 883 1512 fuisse.
918 1446 1034 1510 Potest
1050 1446 1153 1526 igitur
1168 1445 1234 1507 tale
1252 1456 1287 1509 49

176 1558 301 1639 aliquid
330 1560 430 1622 etiam
460 1576 520 1621 sua
548 1558 665 1638 sponte
696 1558 732 1619 in
759 1554 949 1637 lapioidinis
974 1553 1128 1617 Chiorum
1153 1554 1235 1616 exti-

174 1669 266 1731 tisse.
313 1665 376 1729 Sed
400 1668 444 1729 sit
466 1666 528 1727 hoo
550 1664 679 1737 fiotum;
703 1662 807 1743 quid?
830 1664 864 1725 in
887 1661 1032 1725 nubibus
1055 1679 1236 1741 numquam

176 1774 440 1838 animadvertisti
461 1772 567 1835 leonis
582 1770 721 1834 formam
738 1772 796 1833 ant
810 1770 1086 1851 hippocentauri?
1120 1767 1236 1832 Potest

176 1882 289 1960 igitur,
313 1879 399 1959 quod
422 1879 518 1942 modo
541 1878 696 1958 negabas,
720 1879 894 1940 veritatem
917 1894 1012 1940 oasus
1036 1877 1170 1940 imitari.

242 1986 305 2050 Sed
340 1985 493 2065 quoniam
529 1985 567 2048 de
602 1985 684 2048 extis
719 1986 752 2047 et
786 1984 826 2046 de
855 1982 1040 2063 fulgoribus
1073 1985 1155 2047 satis
1187 1985 1236 2046 est
1255 1985 1296 2045 22

177 2095 394 2176 disputatum,
419 2094 549 2156 ostenta
571 2094 709 2169 restant,
733 2095 771 2154 ut
787 2093 858 2154 tota
873 2091 1086 2172 haruspioina
1103 2092 1146 2154 sit
1162 2108 1236 2171 per-

175 2204 328 2265 traotata.
374 2200 483 2281 Mulae
514 2203 629 2281 partus
661 2200 810 2281 prolatus
842 2202 892 2262 est
915 2217 934 2262 a
955 2200 999 2261 te.
1049 2198 1114 2262 Res
1137 2198 1237 2261 mira-

175 2309 263 2387 bilis,
297 2310 470 2391 propterea
505 2308 582 2388 qnia
615 2326 681 2371 non
716 2305 812 2389 saepe
843 2307 894 2382 fit3
929 2307 986 2371 sed
1017 2308 1044 2371 si
1072 2306 1142 2370 fieri
1170 2326 1237 2370 non

176 2419 349 2499 potuisset,
380 2417 469 2479 faeta
498 2436 565 2479 non
597 2417 694 2479 esset.
750 2417 859 2496 Atque
890 2416 950 2479 hoe
982 2418 1096 2479 eontra
1127 2415 1236 2478 omnia
1353 2436 1356 2442 ¹

176 2527 307 2588 ostenta
329 2523 447 2601 valeat,
471 2542 660 2604 numquam,
686 2522 773 2604 quod
796 2524 867 2586 fieri
890 2542 956 2586 non
980 2524 1134 2605 potnerit,
1164 2541 1235 2587 esse

175 2631 316 2705 faetum;
346 2632 398 2694 sin
426 2631 582 2712 potuerit,
610 2649 678 2693 non
706 2649 777 2694 esse
804 2630 1002 2693 mirandum.
1054 2628 1235 2694 Causarum

176 2740 265 2802 enim
286 2739 449 2817 ignoratio
465 2738 550 2801 inre
566 2757 651 2801 nova
666 2738 875 2802 mirationem
889 2736 987 2812 faoit;
1011 2737 1123 2801 eadem
1139 2740 1234 2818 igno-

174 2847 260 2909 ratio
283 2847 312 2909 si
334 2846 370 2907 in
392 2846 489 2908 rebus
514 2846 647 2910 usitatis
671 2849 730 2921 est,
760 2864 826 2908 non
848 2846 1015 2908 miramur.
1069 2846 1154 2908 Nam
1178 2846 1235 2924 qui

175 2953 300 3016 mulam
330 2954 495 3034 peperisse
525 2953 674 3030 miratur,
705 2953 744 3028 is,
776 2970 839 3032 quo
868 2952 964 3015 modo
999 2971 1082 3032 equa
1116 2952 1233 3034 pariat,

176 3063 234 3123 aut
257 3060 389 3123 omnino
414 3078 496 3140 quae
519 3063 638 3123 natura
661 3061 794 3141 partum
810 3060 988 3123 animantis
1004 3058 1114 3137 faeiat,
1138 3061 1233 3140 igno-

175 3170 236 3230 rat.
301 3165 364 3230 Sed
404 3167 490 3246 qnod
532 3168 643 3230 erebro
679 3166 779 3243 videt,
818 3187 882 3231 non
909 3169 1058 3244 miratur,
1093 3167 1232 3246 etiamsi,
1291 3188 1292 3192 ¹

176 3291 235 3337 our
252 3274 321 3350 fiat,
344 3275 465 3348 nesoit;
490 3274 577 3353 quod
593 3275 668 3337 ante
684 3292 751 3336 non
766 3274 860 3351 vidit,
883 3275 918 3338 id
934 3276 962 3339 si
978 3276 1097 3351 evenit,
1122 3278 1232 3339 osten·

175 3383 248 3444 tum
271 3399 341 3444 esse
365 3383 487 3444 oenset.
537 3380 785 3460 Utrnm'igitur
807 3399 882 3445 oum
905 3382 1057 3464 oonoepit
1078 3384 1168 3445 mula
1191 3401 1233 3445 an

176 3651 365 3719 veritatem]
385 3666 413 3703 se
430 3653 511 3703 noten
530 3650 552 3704 1.
573 3651 611 3705 13.
631 3651 671 3704 23.
1251 3682 1278 3723 49

175 3741 282 3793 mulae
306 3740 431 3808 partus]
456 3757 483 3794 se
507 3740 528 3794 Ι.
551 3742 591 3794 18.
610 3741 651 3795 36.
696 3741 921 3810 mirationem]
948 3740 1031 3795 Ordet
1057 3743 1233 3797 forekommer
1250 3752 1284 3804 22

175 3830 231 3883 kun
248 3830 307 3894 her;
326 3847 388 3884 men
406 3829 452 3882 der
470 3831 544 3899 gives
563 3831 625 3884 ikke
642 3830 671 3884 ft
687 3830 964 3885 verbalsubstantiver
980 3830 1015 3900 pd
1034 3834 1083 3901 -a'o‚
1102 3850 1158 3886 som
1177 3833 1233 3886 kun

175 3919 260 3973 findes
283 3920 381 3989 bmgte
402 3923 429 3972 et
451 3920 543 3974 eukelt
564 3920 624 3975 sted
648 3920 762 3988 (saledes
780 3923 938 3976 meridiatio
956 3922 997 3975 68.
1018 3921 1080 3986 142;
1103 3922 1230 3990 Nagelsb.

177 4010 243 4065 Lat.
261 4010 318 4065 εΗ
334 4027 359 4079 p.
379 4009 429 4062 222
453 4010 499 4079 ff).
543 4011 598 4065 Der
625 4028 652 4064 er
675 4011 763 4065 derfor
785 4013 865 4080 ingen
888 4012 976 4080 grund
998 4012 1032 4064 til
1056 4016 1085 4066 at
1107 4015 1175 4065 rette
1198 4012 1233 4065 til

176 4102 394 4157 admirationem.

1025 4192 1075 4245 10*
