2942 4625
280 328 344 389 210
549 335 746 394 CICERONIS
764 339 814 394 DE
833 338 1077 394 DIVINATIONE

279 540 418 606 terfeoto
442 560 459 605 e
484 559 631 624 caupone
653 540 808 620 Megaris,
832 541 929 620 quale
953 539 993 604 de
1017 539 1195 618 SImonida
1220 542 1281 623 qui
1309 540 1355 604 ab

280 668 328 728 eo,
352 668 450 730 quem
472 650 635 726 humanat,
659 649 783 713 vetitus
807 650 856 712 est
879 650 1044 731 navigare,
1070 649 1165 730 quale
1185 650 1291 713 etiam
1311 648 1355 712 de

279 758 474 836 Alexandro,
499 757 587 838 quod
610 776 629 821 a
650 760 684 821 te
708 758 924 839 praeteritum
948 776 1018 822 esse
1041 759 1151 822 miror.
1186 756 1356 836 Quicum

206 898 212 907 ·
279 866 501 943 Ptolomaeus
536 865 710 929 familiaris
746 866 826 942 eius,
861 865 895 927 in
924 866 1048 947 proelio
1079 867 1145 930 telo
1178 868 1352 930 venenato

278 976 366 1040 letus
390 977 478 1039 esset
501 991 603 1054 eoque
627 975 762 1036 vulnere
787 992 914 1037 summo
932 991 1007 1038 enm
1022 973 1132 1038 dolore
1148 976 1352 1052 moreretur,

279 1083 464 1148 Alexander
493 1082 648 1147 adsidens
678 1100 792 1145 somno
827 1084 877 1146 est
911 1084 1114 1164 consopitus.
1171 1081 1257 1145 Tum
1294 1100 1351 1145 se-

279 1192 425 1256 eundum
449 1192 593 1272 quletem
616 1192 707 1254 visus
731 1190 761 1253 ei
786 1189 908 1254 dieitur
931 1190 1028 1254 draeo
1051 1191 1091 1268 is,
1115 1190 1351 1272 qnem'mater

278 1298 447 1383 Olympias
478 1299 597 1377 alebat,
628 1299 812 1362 radiculam
822 1295 896 1361 -ore'
922 1297 1007 1362 ferre
1038 1300 1070 1362 et
1100 1300 1198 1363 simul
1224 1298 1348 1377 dicere,

278 1427 342 1489 quo
366 1407 424 1473 illa
447 1407 513 1471 looi
536 1411 727 1471 nasceretur
751 1444 791 1453 -
815 1425 921 1488 neque
944 1407 973 1471 Is
996 1407 1093 1488 longe
1117 1408 1230 1472 aberat
1247 1408 1288 1470 ab
1307 1425 1346 1470 eo

277 1517 349 1581 loeo
373 1554 424 1594 -,
448 1517 519 1581 eius
552 1517 663 1579 autem
691 1533 762 1579 esse
793 1515 860 1579 vim
882 1518 1020 1592 tantem,
1051 1517 1089 1579 ut
1112 1515 1346 1579 Ptolomaeum

277 1623 375 1688 facile
406 1628 548 1689 sanaret.
606 1622 689 1688 Cum
712 1624 896 1692 Alexander
930 1626 1139 1706 experrectus
1174 1626 1344 1688 narrasset

278 1732 392 1797 amieis
417 1733 591 1807 somnium,
616 1733 728 1795 emissi
749 1734 837 1809 sunt,
862 1731 919 1812 qui
935 1732 1027 1796 illam
1042 1732 1225 1797 radionlam
1242 1750 1343 1812 quae-

168 1921 170 1924 ’
277 1843 402 1917 nerent3
435 1859 500 1922 qua
526 1839 663 1903 inventa
692 1841 725 1903 et
748 1839 960 1917 Ptolomaeus
992 1841 1128 1904 sanatus
1158 1839 1281 1923 dieitm
1309 1843 1343 1903 et

278 1951 376 2014 multi
403 1949 537 2025 milites
571 1948 629 2028 qui
656 1950 751 2011 erant
779 1948 893 2012 eodem
920 1967 1037 2029 genere
1071 1949 1131 2012 teli
1165 1948 1341 2012 vulnerati.

209 2073 260 2127 136
343 2058 452 2121 Multa
469 2058 569 2121 etiam
589 2060 668 2120 sunt
680 2076 699 2121 a
710 2058 743 2120 te
757 2075 794 2120 ex
806 2049 953 2121 historiis
970 2049 1098 2140 prolata
1111 2059 1247 2134 somnia,
1270 2076 1342 2120 ma-

279 2166 341 2231 tris
364 2165 562 2243 PhalaridIa
587 2162 663 2248 Cyri
686 2167 876 2249 superioris,
907 2167 1022 2230 matris
1046 2165 1207 2248 Dionysii,
1237 2165 1340 2229 Poeni

277 2376 371 2428 passer
397 2376 434 2412 nu
461 2362 552 2428 meget
574 2358 640 2427 godt
663 2359 697 2412 til
721 2361 804 2427 quale
829 2368 869 2414 eat
891 2360 924 2414 de
946 2360 993 2413 illo
1015 2359 1160 2426 interfecto
1179 2377 1198 2415 a
1216 2376 1339 2429 caupona

281 2451 407 2519 Menaria
434 2450 466 2519 (I.
489 2449 530 2504 27.
558 2450 616 2517 57);
644 2454 710 2503 men
733 2450 779 2503 det
805 2467 897 2519 passer
921 2450 982 2503 ikke
1008 2450 1043 2503 til
1070 2451 1103 2504 de
1131 2452 1278 2520 semoniae,
1304 2450 1338 2503 da

278 2542 417 2596 dremmen
435 2541 497 2595 ikke
515 2541 661 2595 handler
678 2558 725 2595 om
746 2541 904 2610 SImonides,
924 2558 958 2610 og
975 2541 1060 2595 heller
1077 2541 1139 2594 ikke
1157 2542 1191 2594 til
1209 2542 1243 2595 de
1260 2542 1336 2595 Alete·

279 2634 377 2687 andro.
424 2632 514 2686 Enten
536 2648 565 2685 er
589 2632 635 2685 der
658 2649 691 2685 en
716 2631 764 2700 fejl
786 2632 797 2685 i
821 2631 916 2700 stedet,
941 2632 1006 2708 eller
1027 2632 1055 2684 vi
1077 2631 1122 2685 md
1145 2633 1232 2685 taenke
1250 2649 1284 2699 os,
1306 2634 1334 2683 at

279 2723 371 2778 Cicero
404 2723 454 2776 har
486 2723 571 2791 glemt
602 2723 678 2776 ordet
709 2725 819 2777 somnia
853 2740 888 2791 og
918 2722 1074 2791 unejagtigt
1106 2722 1285 2779 underiorstir
1309 2724 1334 2774 et

279 2814 450 2882 almindeligt
473 2813 574 2883 ndtnyk
599 2831 654 2867 som
674 2814 692 2868 f.
712 2831 733 2869 e.
755 2816 829 2883 qnod
846 2822 997 2879 naen-otum
1024 2814 1075 2867 den
1094 2814 1178 2867 sidste
1197 2813 1335 2881 oplattelse

222 2935 225 2941 =
279 2905 419 2974 bestyrkes
445 2904 475 2958 af
497 2905 643 2974 adtrykket
661 2905 670 2957 i
688 2905 709 2960 Ι.
728 2905 770 2959 27.
789 2905 831 2960 56.
871 2904 1029 2974 Megaris]
1052 2922 1080 2958 se
1098 2907 1180 2958 notan
1198 2904 1220 2959 I.
1239 2903 1278 2958 27.
1296 2904 1333 2959 57.

278 2996 343 3062 Qui
363 3013 433 3049 eum
455 3039 460 3050 .
480 3039 485 3050 .
506 2996 522 3064 .]
541 2996 652 3050 Hdskrr.
672 3013 707 3064 og
724 2995 804 3064 udgg.
824 3012 852 3049 er
869 2996 923 3065 lige
942 2997 1037 3064 nemge
1054 3012 1106 3064 om,
1129 2994 1201 3049 hvad
1219 2990 1264 3049 der
1280 2996 1334 3049 skal

279 3086 328 3141 ste.
375 3085 518 3154 Subjektet
541 3089 590 3155 qni
614 3086 667 3140 kan
691 3086 810 3154 umuligt
833 3090 962 3155 gentages
985 3087 995 3139 i
1019 3085 1095 3138 ordet
1113 3086 1280 3155 Alexander,
1301 3103 1332 3155 og

277 3178 368 3231 kastes
393 3176 467 3229 detta
491 3177 538 3231 ord
562 3178 623 3231 bont
641 3177 775 3247 (Kayser's
799 3177 918 3246 lordag),
942 3178 1062 3231 kommer
1085 3176 1131 3230 der
1153 3177 1269 3247 tydeligt
1283 3177 1333 3230 nok

277 3269 311 3322 til
329 3271 359 3322 at
376 3268 485 3337 mangle
504 3270 586 3337 neget
604 3267 680 3322 foran
699 3269 838 3322 adsidens.
875 3268 968 3322 Heller
984 3268 1047 3321 ikke
1065 3269 1147 3337 noget
1165 3268 1195 3321 af
1210 3268 1242 3322 de
1259 3269 1332 3323 andre

279 3358 498 3428 rettelsesforseg
516 3342 600 3428 synes‘
614 3363 642 3413 at
660 3359 728 3413 have
746 3359 840 3413 trnffet
857 3359 903 3413 det
920 3361 996 3412 nette.
1033 3358 1083 3427 [Se
1101 3355 1283 3430 tillagget.]
1302 3389 1331 3398 -

278 3449 467 3504 Aleksander's
491 3450 567 3503 drem
592 3450 718 3519 sortaelles
737 3449 803 3519 o'gsd
821 3449 902 3503 andre
920 3449 1017 3517 staden,
1036 3449 1138 3504 stledes
1157 3449 1230 3503 Curt.
1249 3449 1290 3503 IX.
1308 3451 1329 3523 8.

279 3541 314 3595 25
337 3542 374 3610 ff,
398 3541 465 3595 Inst.
490 3541 553 3596 XII.
579 3543 619 3597 10.
642 3543 671 3607 3;
696 3541 775 3596 Diod.
802 3541 853 3596 Sie.
872 3541 957 3596 XVII.
982 3540 1040 3609 103,
1069 3541 1156 3596 Strab.
1175 3540 1224 3594 XV
1245 3557 1269 3609 p.
1285 3540 1331 3596 723

282 3633 343 3687 (ἕως.
397 3625 629 3704 Ptolemaeos]
661 3633 755 3687 Denne
787 3624 940 3686 stavemdde
970 3631 1098 3686 bevidnes
1129 3631 1159 3685 af
1188 3631 1233 3688 de,
1246 3631 1329 3686 bedste

278 3723 469 3791 hdndskrifter‚
493 3740 528 3792 og
551 3724 562 3776 i
584 3724 630 3778 det
653 3724 713 3778 hele
737 3724 786 3778 har
808 3724 952 3777 Latinerne
973 3723 1036 3776 ikke
1060 3705 1169 3790 sjaelden
1187 3722 1328 3777 forvansket

279 3814 385 3869 Graeske
403 3830 490 3868 navne
508 3815 579 3869 nden
598 3816 688 3885 synlig
705 3815 799 3884 grund.
841 3815 1038 3883 moreretur]
1057 3812 1197 3883 (svarende
1214 3815 1247 3867 til
1263 3813 1326 3882 impf.

277 3905 332 3960 ind.
357 3907 390 3960 de
414 3908 528 3975 conatu)
555 3906 596 3960 »lt
620 3924 654 3976 og
668 3907 773 3975 droges
792 3905 982 3960 mendenen«.
1019 3922 1083 3975 qno
1102 3947 1108 3961 .
1128 3948 1133 3960 .
1152 3905 1230 3975 loei]
1247 3900 1347 3959 Mdv.⁸v

277 3997 365 4066 §284
383 4013 453 4051 anm.
473 3998 514 4052 ll.
706 4047 708 4049 .
955 4005 957 4010 ·
1086 4048 1100 4063 κ
1323 4038 1328 4045 .

219 4112 258 4154 1ao
277 4087 831 4157 matrisPhalaridis-Caeciliae]
847 4104 875 4141 se
885 4088 905 4142 Ι.
916 4088 957 4143 23.
967 4088 1010 4157 46,
1028 4087 1123 4156 2039,
1142 4087 1232 4157 2450,
1249 4088 1326 4156 ella,
