<?xml version="1.0" encoding="UTF-8"?>
<!DOCTYPE html PUBLIC "-//W3C//DTD XHTML 1.0 Transitional//EN"
    "http://www.w3.org/TR/xhtml1/DTD/xhtml1-transitional.dtd">
<html xmlns="http://www.w3.org/1999/xhtml" xml:lang="en" lang="en">
 <head>
  <title>
</title>
<meta http-equiv="Content-Type" content="text/html;charset=utf-8" />
  <meta name='ocr-system' content='tesseract 3.04.00' />
  <meta name='ocr-capabilities' content='ocr_page ocr_carea ocr_par ocr_line ocrx_word'/>
</head>
<body>
  <div class='ocr_page' id='page_1' title='image "./mtulliiciceroni00thorgoog_0070.png"; bbox 0 0 2942 4625; ppageno 0'>
   <div class='ocr_carea' id='block_1_1' title="bbox 241 352 1049 422">
    <p class='ocr_par' dir='ltr' id='par_1_1' title="bbox 241 352 1049 422">
     <span class='ocr_line' id='line_1_1' title="bbox 241 352 1049 422; baseline 0.01 -9"><span class='ocrx_word' id='word_1_1' title='bbox 241 352 282 413; x_wconf 82' lang='lat'>58</span> <span class='ocrx_word' id='word_1_2' title='bbox 523 365 718 422; x_wconf 81' lang='lat' dir='ltr'>CICERONIS</span> <span class='ocrx_word' id='word_1_3' title='bbox 737 367 788 422; x_wconf 83' lang='lat' dir='ltr'>DE</span> <span class='ocrx_word' id='word_1_4' title='bbox 805 366 1049 422; x_wconf 84' lang='lat' dir='ltr'><strong>DIVINATIONE</strong></span> 
     </span>
    </p>
   </div>
   <div class='ocr_carea' id='block_1_2' title="bbox 186 567 1298 2268">
    <p class='ocr_par' dir='ltr' id='par_1_2' title="bbox 186 567 1298 2268">
     <span class='ocr_line' id='line_1_2' title="bbox 240 567 1298 651; baseline 0.007 -24"><span class='ocrx_word' id='word_1_5' title='bbox 240 567 334 628; x_wconf 90' lang='lat' dir='ltr'>catus</span> <span class='ocrx_word' id='word_1_6' title='bbox 358 567 487 630; x_wconf 88' lang='lat' dir='ltr'>animus</span> <span class='ocrx_word' id='word_1_7' title='bbox 511 584 530 629; x_wconf 86' lang='lat' dir='ltr'>a</span> <span class='ocrx_word' id='word_1_8' title='bbox 552 568 709 631; x_wconf 88' lang='lat' dir='ltr'>societate</span> <span class='ocrx_word' id='word_1_9' title='bbox 733 570 766 631; x_wconf 90' lang='lat' dir='ltr'>et</span> <span class='ocrx_word' id='word_1_10' title='bbox 789 586 808 631; x_wconf 92' lang='lat' dir='ltr'>a</span> <span class='ocrx_word' id='word_1_11' title='bbox 830 568 1026 648; x_wconf 75' lang='lat' dir='ltr'>contagione</span> <span class='ocrx_word' id='word_1_12' title='bbox 1046 569 1201 651; x_wconf 85' lang='lat' dir='ltr'>corporis,</span> <span class='ocrx_word' id='word_1_13' title='bbox 1224 572 1298 634; x_wconf 89' lang='lat' dir='ltr'>tum</span> 
     </span>
     <span class='ocr_line' id='line_1_3' title="bbox 239 672 1298 759; baseline 0.005 -23"><span class='ocrx_word' id='word_1_14' title='bbox 239 672 390 737; x_wconf 80' lang='lat' dir='ltr'><strong>meminit</strong></span> <span class='ocrx_word' id='word_1_15' title='bbox 418 675 680 756; x_wconf 83' lang='lat' dir='ltr'>praeteritorum,</span> <span class='ocrx_word' id='word_1_16' title='bbox 715 676 903 757; x_wconf 84' lang='lat' dir='ltr'>praesentia</span> <span class='ocrx_word' id='word_1_17' title='bbox 931 676 1046 752; x_wconf 87' lang='lat' dir='ltr'>cernit,</span> <span class='ocrx_word' id='word_1_18' title='bbox 1080 675 1194 741; x_wconf 87' lang='lat' dir='ltr'>lutura</span> <span class='ocrx_word' id='word_1_19' title='bbox 1220 697 1298 759; x_wconf 85' lang='lat' dir='ltr'>pro·</span> 
     </span>
     <span class='ocr_line' id='line_1_4' title="bbox 239 779 1297 866; baseline 0.006 -23"><span class='ocrx_word' id='word_1_20' title='bbox 239 779 344 856; x_wconf 82' lang='lat' dir='ltr'>videt3</span> <span class='ocrx_word' id='word_1_21' title='bbox 374 782 460 845; x_wconf 87' lang='lat' dir='ltr'>iacet</span> <span class='ocrx_word' id='word_1_22' title='bbox 490 784 577 847; x_wconf 89' lang='lat' dir='ltr'>enim</span> <span class='ocrx_word' id='word_1_23' title='bbox 608 802 726 866; x_wconf 84' lang='lat' dir='ltr'>corpus</span> <span class='ocrx_word' id='word_1_24' title='bbox 757 782 950 848; x_wconf 87' lang='lat' dir='ltr'>dormientis</span> <span class='ocrx_word' id='word_1_25' title='bbox 980 787 1018 847; x_wconf 87' lang='lat' dir='ltr'>nt</span> <span class='ocrx_word' id='word_1_26' title='bbox 1044 786 1177 862; x_wconf 89' lang='lat' dir='ltr'>mortui,</span> <span class='ocrx_word' id='word_1_27' title='bbox 1206 787 1297 866; x_wconf 86' lang='lat' dir='ltr'>viget</span> 
     </span>
     <span class='ocr_line' id='line_1_5' title="bbox 239 888 1297 973; baseline 0.003 -21"><span class='ocrx_word' id='word_1_28' title='bbox 239 891 349 953; x_wconf 89' lang='lat' dir='ltr'>autem</span> <span class='ocrx_word' id='word_1_29' title='bbox 373 891 406 952; x_wconf 89' lang='lat' dir='ltr'>et</span> <span class='ocrx_word' id='word_1_30' title='bbox 430 890 510 954; x_wconf 82' lang='lat' dir='ltr'>vivit</span> <span class='ocrx_word' id='word_1_31' title='bbox 533 892 673 956; x_wconf 88' lang='lat' dir='ltr'>animus.</span> <span class='ocrx_word' id='word_1_32' title='bbox 726 888 820 969; x_wconf 82' lang='lat' dir='ltr'>Quod</span> <span class='ocrx_word' id='word_1_33' title='bbox 842 892 948 956; x_wconf 91' lang='lat' dir='ltr'>multo</span> <span class='ocrx_word' id='word_1_34' title='bbox 970 893 1076 972; x_wconf 87' lang='lat' dir='ltr'>magis</span> <span class='ocrx_word' id='word_1_35' title='bbox 1099 891 1199 956; x_wconf 86' lang='lat' dir='ltr'>faciet</span> <span class='ocrx_word' id='word_1_36' title='bbox 1221 896 1297 973; x_wconf 89' lang='lat' dir='ltr'>pest</span> 
     </span>
     <span class='ocr_line' id='line_1_6' title="bbox 237 999 1296 1082; baseline 0.004 -21"><span class='ocrx_word' id='word_1_37' title='bbox 237 999 387 1076; x_wconf 89' lang='lat' dir='ltr'>mortem,</span> <span class='ocrx_word' id='word_1_38' title='bbox 411 1016 486 1062; x_wconf 89' lang='lat' dir='ltr'>eum</span> <span class='ocrx_word' id='word_1_39' title='bbox 509 999 642 1062; x_wconf 91' lang='lat' dir='ltr'>omnino</span> <span class='ocrx_word' id='word_1_40' title='bbox 665 1015 799 1081; x_wconf 79' lang='lat' dir='ltr'>eorpme</span> <span class='ocrx_word' id='word_1_41' title='bbox 822 1001 1007 1064; x_wconf 70' lang='lat' dir='ltr'>excesserit.</span> <span class='ocrx_word' id='word_1_42' title='bbox 1044 999 1161 1081; x_wconf 89' lang='lat' dir='ltr'>Itaque</span> <span class='ocrx_word' id='word_1_43' title='bbox 1178 999 1296 1082; x_wconf 88' lang='lat' dir='ltr'>adpro-</span> 
     </span>
     <span class='ocr_line' id='line_1_7' title="bbox 239 1106 1296 1191; baseline 0.003 -21"><span class='ocrx_word' id='word_1_44' title='bbox 239 1107 421 1187; x_wconf 90' lang='lat' dir='ltr'>pinquante</span> <span class='ocrx_word' id='word_1_45' title='bbox 444 1108 549 1171; x_wconf 88' lang='lat' dir='ltr'>morte</span> <span class='ocrx_word' id='word_1_46' title='bbox 571 1107 677 1171; x_wconf 90' lang='lat' dir='ltr'>multo</span> <span class='ocrx_word' id='word_1_47' title='bbox 701 1107 752 1171; x_wconf 89' lang='lat' dir='ltr'>est</span> <span class='ocrx_word' id='word_1_48' title='bbox 776 1106 927 1171; x_wconf 88' lang='lat' dir='ltr'><strong>divinior.</strong></span> <span class='ocrx_word' id='word_1_49' title='bbox 965 1107 1049 1171; x_wconf 87' lang='lat' dir='ltr'>Nam</span> <span class='ocrx_word' id='word_1_50' title='bbox 1073 1110 1106 1172; x_wconf 89' lang='lat' dir='ltr'>et</span> <span class='ocrx_word' id='word_1_51' title='bbox 1129 1108 1163 1172; x_wconf 93' lang='lat' dir='ltr'>id</span> <span class='ocrx_word' id='word_1_52' title='bbox 1186 1109 1296 1191; x_wconf 89' lang='lat' dir='ltr'>ipsum</span> 
     </span>
     <span class='ocr_line' id='line_1_8' title="bbox 238 1213 1295 1295; baseline 0.004 -18"><span class='ocrx_word' id='word_1_53' title='bbox 238 1213 362 1290; x_wconf 84' lang='lat' dir='ltr'>vident,</span> <span class='ocrx_word' id='word_1_54' title='bbox 392 1214 450 1294; x_wconf 91' lang='lat' dir='ltr'>qui</span> <span class='ocrx_word' id='word_1_55' title='bbox 478 1216 557 1278; x_wconf 87' lang='lat' dir='ltr'>sunt</span> <span class='ocrx_word' id='word_1_56' title='bbox 583 1214 696 1279; x_wconf 90' lang='lat' dir='ltr'>morbo</span> <span class='ocrx_word' id='word_1_57' title='bbox 725 1216 817 1295; x_wconf 82' lang='lat' dir='ltr'>graui</span> <span class='ocrx_word' id='word_1_58' title='bbox 840 1217 873 1279; x_wconf 90' lang='lat' dir='ltr'>et</span> <span class='ocrx_word' id='word_1_59' title='bbox 896 1214 1064 1279; x_wconf 86' lang='lat' dir='ltr'>mortifero</span> <span class='ocrx_word' id='word_1_60' title='bbox 1088 1215 1221 1293; x_wconf 76' lang='lat' dir='ltr'>adfecti,</span> <span class='ocrx_word' id='word_1_61' title='bbox 1243 1218 1295 1281; x_wconf 93' lang='lat' dir='ltr'>in-</span> 
     </span>
     <span class='ocr_line' id='line_1_9' title="bbox 239 1323 1295 1405; baseline 0.002 -20"><span class='ocrx_word' id='word_1_62' title='bbox 239 1324 326 1385; x_wconf 88' lang='lat' dir='ltr'>stare</span> <span class='ocrx_word' id='word_1_63' title='bbox 352 1324 492 1385; x_wconf 85' lang='lat' dir='ltr'>mortem</span> <span class='ocrx_word' id='word_1_64' title='bbox 516 1323 691 1402; x_wconf 89' lang='lat' dir='ltr'>-itaque</span> <span class='ocrx_word' id='word_1_65' title='bbox 718 1324 759 1387; x_wconf 91' lang='lat' dir='ltr'>iis</span> <span class='ocrx_word' id='word_1_66' title='bbox 789 1325 967 1387; x_wconf 85' lang='lat' dir='ltr'>occurrunt</span> <span class='ocrx_word' id='word_1_67' title='bbox 996 1323 1190 1405; x_wconf 88' lang='lat' dir='ltr'>plerumque</span> <span class='ocrx_word' id='word_1_68' title='bbox 1212 1323 1295 1388; x_wconf 88' lang='lat' dir='ltr'>ima·</span> 
     </span>
     <span class='ocr_line' id='line_1_10' title="bbox 239 1429 1294 1512; baseline 0.003 -20"><span class='ocrx_word' id='word_1_69' title='bbox 239 1429 331 1510; x_wconf 87' lang='lat' dir='ltr'>gines</span> <span class='ocrx_word' id='word_1_70' title='bbox 359 1431 574 1508; x_wconf 86' lang='lat' dir='ltr'>mortuorum,</span> <span class='ocrx_word' id='word_1_71' title='bbox 604 1433 742 1512; x_wconf 89' lang='lat' dir='ltr'>tumque</span> <span class='ocrx_word' id='word_1_72' title='bbox 771 1430 823 1495; x_wconf 77' lang='lat' dir='ltr'>uel</span> <span class='ocrx_word' id='word_1_73' title='bbox 849 1449 999 1495; x_wconf 82' lang='lat' dir='ltr'>maxume</span> <span class='ocrx_word' id='word_1_74' title='bbox 1028 1431 1120 1496; x_wconf 91' lang='lat' dir='ltr'>laudi</span> <span class='ocrx_word' id='word_1_75' title='bbox 1149 1431 1294 1508; x_wconf 83' lang='lat' dir='ltr'>student,</span> 
     </span>
     <span class='ocr_line' id='line_1_11' title="bbox 238 1537 1295 1622; baseline 0.001 -21"><span class='ocrx_word' id='word_1_76' title='bbox 238 1555 368 1618; x_wconf 83' lang='lat' dir='ltr'>eosque,</span> <span class='ocrx_word' id='word_1_77' title='bbox 397 1537 454 1619; x_wconf 92' lang='lat' dir='ltr'>qui</span> <span class='ocrx_word' id='word_1_78' title='bbox 484 1555 589 1617; x_wconf 88' lang='lat' dir='ltr'>secus,</span> <span class='ocrx_word' id='word_1_79' title='bbox 621 1557 719 1619; x_wconf 89' lang='lat' dir='ltr'>quam</span> <span class='ocrx_word' id='word_1_80' title='bbox 744 1538 865 1617; x_wconf 85' lang='lat' dir='ltr'>decult,</span> <span class='ocrx_word' id='word_1_81' title='bbox 895 1540 1056 1617; x_wconf 82' lang='lat' dir='ltr'>vixerunt,</span> <span class='ocrx_word' id='word_1_82' title='bbox 1085 1542 1295 1622; x_wconf 85' lang='lat' dir='ltr'>peccatorum</span> 
     </span>
     <span class='ocr_line' id='line_1_12' title="bbox 186 1644 1295 1728; baseline 0.003 -20"><span class='ocrx_word' id='word_1_83' title='bbox 186 1644 220 1698; x_wconf 81' lang='lat'>64</span> <span class='ocrx_word' id='word_1_84' title='bbox 238 1664 373 1709; x_wconf 90' lang='lat' dir='ltr'>suorum</span> <span class='ocrx_word' id='word_1_85' title='bbox 393 1649 467 1710; x_wconf 90' lang='lat' dir='ltr'>tum</span> <span class='ocrx_word' id='word_1_86' title='bbox 488 1665 638 1711; x_wconf 78' lang='lat' dir='ltr'>maxume</span> <span class='ocrx_word' id='word_1_87' title='bbox 661 1648 810 1728; x_wconf 89' lang='lat' dir='ltr'>paenitet</span> <span class='ocrx_word' id='word_1_88' title='bbox 833 1670 889 1721; x_wconf 93' lang='grc'>-;</span> <span class='ocrx_word' id='word_1_89' title='bbox 918 1646 1065 1710; x_wconf 84' lang='lat' dir='ltr'>diuinare</span> <span class='ocrx_word' id='word_1_90' title='bbox 1092 1649 1202 1711; x_wconf 90' lang='lat' dir='ltr'>autem</span> <span class='ocrx_word' id='word_1_91' title='bbox 1225 1666 1295 1711; x_wconf 89' lang='lat' dir='ltr'>mo·</span> 
     </span>
     <span class='ocr_line' id='line_1_13' title="bbox 236 1753 1293 1837; baseline 0.001 -21"><span class='ocrx_word' id='word_1_92' title='bbox 236 1754 359 1818; x_wconf 89' lang='lat' dir='ltr'>rientes</span> <span class='ocrx_word' id='word_1_93' title='bbox 382 1753 439 1818; x_wconf 91' lang='lat' dir='ltr'>illo</span> <span class='ocrx_word' id='word_1_94' title='bbox 463 1756 564 1819; x_wconf 90' lang='lat' dir='ltr'>etiam</span> <span class='ocrx_word' id='word_1_95' title='bbox 586 1756 732 1837; x_wconf 82' lang='lat' dir='ltr'>exemplo</span> <span class='ocrx_word' id='word_1_96' title='bbox 762 1755 935 1819; x_wconf 85' lang='lat' dir='ltr'>confirmat</span> <span class='ocrx_word' id='word_1_97' title='bbox 962 1754 1171 1833; x_wconf 82' lang='lat' dir='ltr'>Posidonius,</span> <span class='ocrx_word' id='word_1_98' title='bbox 1206 1754 1293 1835; x_wconf 88' lang='lat' dir='ltr'>quod</span> 
     </span>
     <span class='ocr_line' id='line_1_14' title="bbox 238 1861 1294 1943; baseline 0 -17"><span class='ocrx_word' id='word_1_99' title='bbox 238 1861 355 1939; x_wconf 80' lang='lat' dir='ltr'>adfert,</span> <span class='ocrx_word' id='word_1_100' title='bbox 383 1862 548 1925; x_wconf 84' lang='lat' dir='ltr'>Rhodium</span> <span class='ocrx_word' id='word_1_101' title='bbox 577 1862 742 1942; x_wconf 89' lang='lat' dir='ltr'>quendam</span> <span class='ocrx_word' id='word_1_102' title='bbox 764 1862 959 1927; x_wconf 86' lang='lat' dir='ltr'>morientem</span> <span class='ocrx_word' id='word_1_103' title='bbox 982 1880 1038 1927; x_wconf 81' lang='lat' dir='ltr'>sex</span> <span class='ocrx_word' id='word_1_104' title='bbox 1060 1862 1212 1943; x_wconf 86' lang='lat' dir='ltr'>aequales</span> <span class='ocrx_word' id='word_1_105' title='bbox 1235 1880 1294 1926; x_wconf 88' lang='lat' dir='ltr'>uo-</span> 
     </span>
     <span class='ocr_line' id='line_1_15' title="bbox 238 1969 1293 2052; baseline 0.001 -20"><span class='ocrx_word' id='word_1_106' title='bbox 238 1970 381 2033; x_wconf 89' lang='lat' dir='ltr'>minasse</span> <span class='ocrx_word' id='word_1_107' title='bbox 413 1972 446 2033; x_wconf 91' lang='lat' dir='ltr'>et</span> <span class='ocrx_word' id='word_1_108' title='bbox 477 1969 607 2046; x_wconf 82' lang='lat' dir='ltr'>dixisse,</span> <span class='ocrx_word' id='word_1_109' title='bbox 638 1971 695 2050; x_wconf 93' lang='lat' dir='ltr'>qui</span> <span class='ocrx_word' id='word_1_110' title='bbox 725 1971 852 2052; x_wconf 86' lang='lat' dir='ltr'>primus</span> <span class='ocrx_word' id='word_1_111' title='bbox 882 1988 1005 2047; x_wconf 89' lang='lat' dir='ltr'>eorum,</span> <span class='ocrx_word' id='word_1_112' title='bbox 1034 1969 1091 2051; x_wconf 92' lang='lat' dir='ltr'>qui</span> <span class='ocrx_word' id='word_1_113' title='bbox 1120 1969 1293 2045; x_wconf 88' lang='lat' dir='ltr'>secundus,</span> 
     </span>
     <span class='ocr_line' id='line_1_16' title="bbox 238 2076 1293 2160; baseline -0.001 -20"><span class='ocrx_word' id='word_1_114' title='bbox 238 2079 296 2158; x_wconf 91' lang='lat' dir='ltr'>qui</span> <span class='ocrx_word' id='word_1_115' title='bbox 319 2077 436 2141; x_wconf 90' lang='lat' dir='ltr'>deinde</span> <span class='ocrx_word' id='word_1_116' title='bbox 459 2078 614 2160; x_wconf 87' lang='lat' dir='ltr'>deinceps</span> <span class='ocrx_word' id='word_1_117' title='bbox 637 2079 938 2143; x_wconf 86' lang='lat' dir='ltr'>moriturusesset.</span> <span class='ocrx_word' id='word_1_118' title='bbox 974 2077 1037 2142; x_wconf 87' lang='lat' dir='ltr'>Sed</span> <span class='ocrx_word' id='word_1_119' title='bbox 1060 2077 1168 2142; x_wconf 86' lang='lat' dir='ltr'>tribus</span> <span class='ocrx_word' id='word_1_120' title='bbox 1188 2076 1293 2141; x_wconf 89' lang='lat' dir='ltr'>modis</span> 
     </span>
     <span class='ocr_line' id='line_1_17' title="bbox 238 2185 1292 2268; baseline -0.001 -19"><span class='ocrx_word' id='word_1_121' title='bbox 238 2189 351 2249; x_wconf 87' lang='lat' dir='ltr'>censet</span> <span class='ocrx_word' id='word_1_122' title='bbox 381 2186 516 2250; x_wconf 89' lang='lat' dir='ltr'>deorum</span> <span class='ocrx_word' id='word_1_123' title='bbox 542 2186 684 2268; x_wconf 90' lang='lat' dir='ltr'>adpulsu</span> <span class='ocrx_word' id='word_1_124' title='bbox 710 2186 860 2250; x_wconf 88' lang='lat' dir='ltr'>homines</span> <span class='ocrx_word' id='word_1_125' title='bbox 889 2188 1061 2262; x_wconf 87' lang='lat' dir='ltr'>somniare,</span> <span class='ocrx_word' id='word_1_126' title='bbox 1096 2206 1171 2263; x_wconf 93' lang='lat' dir='ltr'>uno,</span> <span class='ocrx_word' id='word_1_127' title='bbox 1206 2185 1292 2267; x_wconf 91' lang='lat' dir='ltr'>quod</span> 
     </span>
    </p>
   </div>
   <div class='ocr_carea' id='block_1_3' title="bbox 184 2292 1293 2921">
    <p class='ocr_par' dir='ltr' id='par_1_3' title="bbox 184 2292 1293 2921">
     <span class='ocr_line' id='line_1_18' title="bbox 238 2292 1292 2377; baseline 0.001 -21"><span class='ocrx_word' id='word_1_128' title='bbox 238 2292 409 2375; x_wconf 83' lang='lat' dir='ltr'>provideat</span> <span class='ocrx_word' id='word_1_129' title='bbox 443 2295 572 2359; x_wconf 85' lang='lat' dir='ltr'>animus</span> <span class='ocrx_word' id='word_1_130' title='bbox 605 2294 677 2377; x_wconf 92' lang='lat' dir='ltr'>ipse</span> <span class='ocrx_word' id='word_1_131' title='bbox 711 2311 770 2376; x_wconf 87' lang='lat' dir='ltr'>per</span> <span class='ocrx_word' id='word_1_132' title='bbox 803 2313 884 2373; x_wconf 90' lang='lat' dir='ltr'>sese,</span> <span class='ocrx_word' id='word_1_133' title='bbox 919 2296 1041 2377; x_wconf 90' lang='lat' dir='ltr'>quippe</span> <span class='ocrx_word' id='word_1_134' title='bbox 1072 2296 1129 2375; x_wconf 91' lang='lat' dir='ltr'>qui</span> <span class='ocrx_word' id='word_1_135' title='bbox 1157 2293 1292 2359; x_wconf 84' lang='lat' dir='ltr'>deorum</span> 
     </span>
     <span class='ocr_line' id='line_1_19' title="bbox 238 2402 1293 2484; baseline 0.002 -20"><span class='ocrx_word' id='word_1_136' title='bbox 238 2402 432 2481; x_wconf 85' lang='lat' dir='ltr'>cognatione</span> <span class='ocrx_word' id='word_1_137' title='bbox 455 2405 618 2479; x_wconf 85' lang='lat' dir='ltr'>teneatur,</span> <span class='ocrx_word' id='word_1_138' title='bbox 642 2403 756 2480; x_wconf 84' lang='lat' dir='ltr'>altero,</span> <span class='ocrx_word' id='word_1_139' title='bbox 780 2403 867 2483; x_wconf 89' lang='lat' dir='ltr'>quod</span> <span class='ocrx_word' id='word_1_140' title='bbox 891 2404 1009 2484; x_wconf 89' lang='lat' dir='ltr'>plenus</span> <span class='ocrx_word' id='word_1_141' title='bbox 1032 2407 1088 2467; x_wconf 74' lang='lat' dir='ltr'>adr</span> <span class='ocrx_word' id='word_1_142' title='bbox 1110 2404 1154 2467; x_wconf 90' lang='lat' dir='ltr'>sit</span> <span class='ocrx_word' id='word_1_143' title='bbox 1169 2403 1293 2467; x_wconf 87' lang='lat' dir='ltr'>inmor-</span> 
     </span>
     <span class='ocr_line' id='line_1_20' title="bbox 236 2509 1292 2592; baseline 0 -19"><span class='ocrx_word' id='word_1_144' title='bbox 236 2509 355 2573; x_wconf 89' lang='lat' dir='ltr'>talium</span> <span class='ocrx_word' id='word_1_145' title='bbox 378 2511 572 2586; x_wconf 86' lang='lat' dir='ltr'>animorum,</span> <span class='ocrx_word' id='word_1_146' title='bbox 600 2511 635 2574; x_wconf 92' lang='lat' dir='ltr'>in</span> <span class='ocrx_word' id='word_1_147' title='bbox 659 2510 779 2592; x_wconf 90' lang='lat' dir='ltr'>quibus</span> <span class='ocrx_word' id='word_1_148' title='bbox 802 2514 972 2592; x_wconf 89' lang='lat' dir='ltr'>tamquam</span> <span class='ocrx_word' id='word_1_149' title='bbox 993 2512 1172 2592; x_wconf 77' lang='lat' dir='ltr'>Insignitas</span> <span class='ocrx_word' id='word_1_150' title='bbox 1196 2513 1292 2574; x_wconf 88' lang='lat' dir='ltr'>notae</span> 
     </span>
     <span class='ocr_line' id='line_1_21' title="bbox 236 2618 1292 2702; baseline 0 -22"><span class='ocrx_word' id='word_1_151' title='bbox 236 2618 386 2695; x_wconf 75' lang='lat' dir='ltr'>vanitatis</span> <span class='ocrx_word' id='word_1_152' title='bbox 415 2620 606 2701; x_wconf 85' lang='lat' dir='ltr'>appareant,</span> <span class='ocrx_word' id='word_1_153' title='bbox 635 2620 745 2696; x_wconf 88' lang='lat' dir='ltr'>tertio,</span> <span class='ocrx_word' id='word_1_154' title='bbox 777 2619 863 2700; x_wconf 93' lang='lat' dir='ltr'>quod</span> <span class='ocrx_word' id='word_1_155' title='bbox 885 2621 951 2702; x_wconf 87' lang='lat' dir='ltr'>ipsi</span> <span class='ocrx_word' id='word_1_156' title='bbox 975 2619 1008 2683; x_wconf 92' lang='lat' dir='ltr'>di</span> <span class='ocrx_word' id='word_1_157' title='bbox 1031 2636 1103 2683; x_wconf 90' lang='lat' dir='ltr'>cum</span> <span class='ocrx_word' id='word_1_158' title='bbox 1128 2619 1292 2683; x_wconf 85' lang='lat' dir='ltr'>dormien-</span> 
     </span>
     <span class='ocr_line' id='line_1_22' title="bbox 235 2726 1292 2808; baseline 0 -19"><span class='ocrx_word' id='word_1_159' title='bbox 235 2726 326 2791; x_wconf 91' lang='lat' dir='ltr'>tibus</span> <span class='ocrx_word' id='word_1_160' title='bbox 344 2726 594 2808; x_wconf 86' lang='lat' dir='ltr'>eonloquantur.</span> <span class='ocrx_word' id='word_1_161' title='bbox 627 2726 743 2808; x_wconf 87' lang='lat' dir='ltr'>quue,</span> <span class='ocrx_word' id='word_1_162' title='bbox 766 2730 805 2792; x_wconf 95' lang='lat' dir='ltr'>ut</span> <span class='ocrx_word' id='word_1_163' title='bbox 822 2728 918 2792; x_wconf 91' lang='lat' dir='ltr'>modo</span> <span class='ocrx_word' id='word_1_164' title='bbox 936 2728 1011 2805; x_wconf 82' lang='lat' dir='ltr'>dixi,</span> <span class='ocrx_word' id='word_1_165' title='bbox 1034 2727 1166 2792; x_wconf 89' lang='lat' dir='ltr'>facilius</span> <span class='ocrx_word' id='word_1_166' title='bbox 1183 2727 1292 2790; x_wconf 77' lang='lat' dir='ltr'>euenit</span> 
     </span>
     <span class='ocr_line' id='line_1_23' title="bbox 184 2834 1293 2921; baseline 0 -23"><span class='ocrx_word' id='word_1_167' title='bbox 184 2840 219 2892; x_wconf 79' lang='grc'>65</span> <span class='ocrx_word' id='word_1_168' title='bbox 237 2835 522 2921; x_wconf 86' lang='lat' dir='ltr'>adpropinquante</span> <span class='ocrx_word' id='word_1_169' title='bbox 544 2837 659 2914; x_wconf 87' lang='lat' dir='ltr'>morte,</span> <span class='ocrx_word' id='word_1_170' title='bbox 688 2839 725 2899; x_wconf 89' lang='lat' dir='ltr'>ut</span> <span class='ocrx_word' id='word_1_171' title='bbox 748 2837 850 2900; x_wconf 88' lang='lat' dir='ltr'>animi</span> <span class='ocrx_word' id='word_1_172' title='bbox 868 2835 982 2899; x_wconf 86' lang='lat' dir='ltr'>futura</span> <span class='ocrx_word' id='word_1_173' title='bbox 998 2838 1211 2916; x_wconf 81' lang='lat' dir='ltr'>augurentur.</span> <span class='ocrx_word' id='word_1_174' title='bbox 1245 2834 1293 2898; x_wconf 78' lang='lat' dir='ltr'>Ex</span> 
     </span>
    </p>
   </div>
   <div class='ocr_carea' id='block_1_4' title="bbox 187 3180 1293 4149">
    <p class='ocr_par' dir='ltr' id='par_1_4' title="bbox 190 3180 1293 3982">
     <span class='ocr_line' id='line_1_24' title="bbox 190 3180 1292 3254; baseline -0.001 -14"><span class='ocrx_word' id='word_1_175' title='bbox 190 3201 216 3240; x_wconf 84' lang='lat' dir='ltr'>es</span> <span class='ocrx_word' id='word_1_176' title='bbox 236 3187 322 3239; x_wconf 85' lang='lat' dir='ltr'>iacet</span> <span class='ocrx_word' id='word_1_177' title='bbox 340 3186 427 3238; x_wconf 90' lang='lat' dir='ltr'>enim</span> <span class='ocrx_word' id='word_1_178' title='bbox 447 3228 453 3240; x_wconf 86' lang='lat'><strong>.</strong></span> <span class='ocrx_word' id='word_1_179' title='bbox 472 3227 478 3239; x_wconf 87' lang='lat'><strong>.</strong></span> <span class='ocrx_word' id='word_1_180' title='bbox 498 3185 515 3253; x_wconf 84' lang='lat'>.]</span> <span class='ocrx_word' id='word_1_181' title='bbox 540 3184 664 3238; x_wconf 76' lang='lat' dir='ltr'>amedeus</span> <span class='ocrx_word' id='word_1_182' title='bbox 686 3180 788 3253; x_wconf 86' lang='lat' dir='ltr'>nemlig</span> <span class='ocrx_word' id='word_1_183' title='bbox 810 3184 862 3238; x_wconf 90' lang='lat' dir='ltr'>den</span> <span class='ocrx_word' id='word_1_184' title='bbox 880 3185 1009 3239; x_wconf 85' lang='lat' dir='ltr'>seuendes</span> <span class='ocrx_word' id='word_1_185' title='bbox 1027 3185 1129 3254; x_wconf 86' lang='lat' dir='ltr'>legeme</span> <span class='ocrx_word' id='word_1_186' title='bbox 1148 3229 1154 3240; x_wconf 88' lang='lat'><strong>.</strong></span> <span class='ocrx_word' id='word_1_187' title='bbox 1174 3229 1179 3240; x_wconf 87' lang='lat'><em>.</em></span> <span class='ocrx_word' id='word_1_188' title='bbox 1199 3207 1234 3250; x_wconf 79' lang='lat'>.‹;</span> <span class='ocrx_word' id='word_1_189' title='bbox 1257 3184 1292 3239; x_wconf 84' lang='lat' dir='ltr'>da</span> 
     </span>
     <span class='ocr_line' id='line_1_25' title="bbox 235 3274 1291 3346; baseline 0 -17"><span class='ocrx_word' id='word_1_190' title='bbox 235 3276 438 3346; x_wconf 88' lang='lat' dir='ltr'>begrundelsen,</span> <span class='ocrx_word' id='word_1_191' title='bbox 463 3291 520 3329; x_wconf 87' lang='lat' dir='ltr'>som</span> <span class='ocrx_word' id='word_1_192' title='bbox 543 3274 664 3335; x_wconf 83' lang='lat' dir='ltr'>lndledes</span> <span class='ocrx_word' id='word_1_193' title='bbox 683 3274 807 3344; x_wconf 76' lang='lat' dir='ltr'>atenim,</span> <span class='ocrx_word' id='word_1_194' title='bbox 830 3275 892 3330; x_wconf 84' lang='lat' dir='ltr'>ikke</span> <span class='ocrx_word' id='word_1_195' title='bbox 914 3276 1010 3329; x_wconf 82' lang='lat' dir='ltr'>traeder</span> <span class='ocrx_word' id='word_1_196' title='bbox 1026 3276 1093 3329; x_wconf 85' lang='lat' dir='ltr'>frem</span> <span class='ocrx_word' id='word_1_197' title='bbox 1111 3277 1121 3329; x_wconf 92' lang='lat' dir='ltr'>i</span> <span class='ocrx_word' id='word_1_198' title='bbox 1139 3276 1222 3330; x_wconf 75' lang='lat' dir='ltr'>fauste</span> <span class='ocrx_word' id='word_1_199' title='bbox 1239 3275 1291 3344; x_wconf 90' lang='lat' dir='ltr'>led,</span> 
     </span>
     <span class='ocr_line' id='line_1_26' title="bbox 235 3366 1291 3437; baseline 0 -17"><span class='ocrx_word' id='word_1_200' title='bbox 235 3368 333 3436; x_wconf 86' lang='lat' dir='ltr'>bruger</span> <span class='ocrx_word' id='word_1_201' title='bbox 353 3368 380 3421; x_wconf 85' lang='lat' dir='ltr'>ui</span> <span class='ocrx_word' id='word_1_202' title='bbox 402 3367 465 3421; x_wconf 84' lang='lat' dir='ltr'>ikke</span> <span class='ocrx_word' id='word_1_203' title='bbox 488 3366 676 3421; x_wconf 88' lang='lat' dir='ltr'>koordination</span> <span class='ocrx_word' id='word_1_204' title='bbox 700 3366 730 3420; x_wconf 86' lang='lat' dir='ltr'>af</span> <span class='ocrx_word' id='word_1_205' title='bbox 750 3367 927 3435; x_wconf 80' lang='lat' dir='ltr'>saetnIngeme</span> <span class='ocrx_word' id='word_1_206' title='bbox 945 3367 1051 3436; x_wconf 79' lang='lat' dir='ltr'>(Mdv.³</span> <span class='ocrx_word' id='word_1_207' title='bbox 1067 3369 1085 3437; x_wconf 63' lang='grc' dir='ltr'>ξ</span> <span class='ocrx_word' id='word_1_208' title='bbox 1102 3367 1173 3435; x_wconf 82' lang='lat'>438).</span> <span class='ocrx_word' id='word_1_209' title='bbox 1212 3367 1291 3421; x_wconf 86' lang='lat' dir='ltr'>Nam</span> 
     </span>
     <span class='ocr_line' id='line_1_27' title="bbox 235 3457 1290 3528; baseline -0.002 -16"><span class='ocrx_word' id='word_1_210' title='bbox 235 3459 281 3528; x_wconf 78' lang='lat' dir='ltr'>et]¹</span> <span class='ocrx_word' id='word_1_211' title='bbox 302 3459 339 3512; x_wconf 80' lang='lat' dir='ltr'>»ti</span> <span class='ocrx_word' id='word_1_212' title='bbox 356 3458 425 3513; x_wconf 76' lang='lat' dir='ltr'>bdde</span> <span class='ocrx_word' id='word_1_213' title='bbox 444 3504 449 3514; x_wconf 86' lang='lat'>.</span> <span class='ocrx_word' id='word_1_214' title='bbox 469 3503 475 3514; x_wconf 79' lang='grc'><strong>.</strong></span> <span class='ocrx_word' id='word_1_215' title='bbox 495 3480 526 3513; x_wconf 62' lang='lat' dir='ltr'>a.</span> <span class='ocrx_word' id='word_1_216' title='bbox 567 3459 621 3511; x_wconf 89' lang='lat' dir='ltr'>Det</span> <span class='ocrx_word' id='word_1_217' title='bbox 642 3457 903 3526; x_wconf 86' lang='lat' dir='ltr'>korresponderende</span> <span class='ocrx_word' id='word_1_218' title='bbox 926 3466 953 3513; x_wconf 83' lang='lat' dir='ltr'>et</span> <span class='ocrx_word' id='word_1_219' title='bbox 974 3460 1095 3528; x_wconf 85' lang='lat' dir='ltr'>maugier</span> <span class='ocrx_word' id='word_1_220' title='bbox 1113 3474 1147 3526; x_wconf 92' lang='lat' dir='ltr'>og</span> <span class='ocrx_word' id='word_1_221' title='bbox 1165 3460 1290 3511; x_wconf 88' lang='lat' dir='ltr'>erstattes</span> 
     </span>
     <span class='ocr_line' id='line_1_28' title="bbox 234 3539 1291 3618; baseline -0.003 -14"><span class='ocrx_word' id='word_1_222' title='bbox 234 3550 285 3604; x_wconf 83' lang='lat' dir='ltr'>ved</span> <span class='ocrx_word' id='word_1_223' title='bbox 303 3566 336 3603; x_wconf 90' lang='lat' dir='ltr'>en</span> <span class='ocrx_word' id='word_1_224' title='bbox 354 3549 441 3604; x_wconf 88' lang='lat' dir='ltr'>auden</span> <span class='ocrx_word' id='word_1_225' title='bbox 458 3539 732 3618; x_wconf 62' lang='lat' dir='ltr'>vendiugtda&#39;viaaare</span> <span class='ocrx_word' id='word_1_226' title='bbox 751 3556 843 3603; x_wconf 79' lang='lat' dir='ltr'>cutem</span> <span class='ocrx_word' id='word_1_227' title='bbox 861 3591 867 3603; x_wconf 93' lang='lat'><strong>.</strong></span> <span class='ocrx_word' id='word_1_228' title='bbox 886 3592 892 3603; x_wconf 88' lang='lat'><strong>.</strong></span> <span class='ocrx_word' id='word_1_229' title='bbox 912 3552 938 3617; x_wconf 84' lang='lat'>.),</span> <span class='ocrx_word' id='word_1_230' title='bbox 961 3548 1018 3602; x_wconf 85' lang='lat' dir='ltr'>idet</span> <span class='ocrx_word' id='word_1_231' title='bbox 1034 3547 1291 3602; x_wconf 82' lang='lat' dir='ltr'>indskudsbemaenk·</span> 
     </span>
     <span class='ocr_line' id='line_1_29' title="bbox 234 3638 1291 3709; baseline 0 -17"><span class='ocrx_word' id='word_1_232' title='bbox 234 3641 334 3707; x_wconf 87' lang='lat' dir='ltr'>ningen</span> <span class='ocrx_word' id='word_1_233' title='bbox 356 3639 464 3708; x_wconf 86' lang='lat' dir='ltr'>bringer</span> <span class='ocrx_word' id='word_1_234' title='bbox 487 3639 644 3694; x_wconf 80' lang='lat' dir='ltr'>fortatteren</span> <span class='ocrx_word' id='word_1_235' title='bbox 665 3639 699 3693; x_wconf 89' lang='lat' dir='ltr'>til</span> <span class='ocrx_word' id='word_1_236' title='bbox 722 3642 752 3693; x_wconf 89' lang='lat' dir='ltr'>at</span> <span class='ocrx_word' id='word_1_237' title='bbox 769 3640 892 3709; x_wconf 79' lang='lat' dir='ltr'>glomum,</span> <span class='ocrx_word' id='word_1_238' title='bbox 916 3639 1055 3694; x_wconf 87' lang='lat' dir='ltr'>hvorledes</span> <span class='ocrx_word' id='word_1_239' title='bbox 1073 3640 1127 3694; x_wconf 85' lang='lat' dir='ltr'>han</span> <span class='ocrx_word' id='word_1_240' title='bbox 1145 3638 1231 3692; x_wconf 79' lang='lat' dir='ltr'>hande</span> <span class='ocrx_word' id='word_1_241' title='bbox 1249 3638 1291 3692; x_wconf 90' lang='lat' dir='ltr'>be·</span> 
     </span>
     <span class='ocr_line' id='line_1_30' title="bbox 234 3729 1293 3799; baseline 0.002 -17"><span class='ocrx_word' id='word_1_242' title='bbox 234 3729 326 3798; x_wconf 84' lang='lat' dir='ltr'>gyndt.</span> <span class='ocrx_word' id='word_1_243' title='bbox 354 3729 528 3798; x_wconf 85' lang='lat' dir='ltr'>(Anderledes</span> <span class='ocrx_word' id='word_1_244' title='bbox 546 3731 626 3785; x_wconf 91' lang='lat' dir='ltr'>Hand</span> <span class='ocrx_word' id='word_1_245' title='bbox 647 3731 759 3786; x_wconf 70' lang='lat' dir='ltr'>israele.</span> <span class='ocrx_word' id='word_1_246' title='bbox 771 3729 816 3785; x_wconf 86' lang='lat' dir='ltr'>II.</span> <span class='ocrx_word' id='word_1_247' title='bbox 835 3730 898 3795; x_wconf 71' lang='lat'>5103</span> <span class='ocrx_word' id='word_1_248' title='bbox 916 3746 978 3784; x_wconf 91' lang='lat' dir='ltr'>men</span> <span class='ocrx_word' id='word_1_249' title='bbox 996 3747 1024 3784; x_wconf 87' lang='lat' dir='ltr'>se</span> <span class='ocrx_word' id='word_1_250' title='bbox 1041 3730 1152 3799; x_wconf 85' lang='lat' dir='ltr'>Madvig</span> <span class='ocrx_word' id='word_1_251' title='bbox 1170 3732 1204 3784; x_wconf 82' lang='lat' dir='ltr'>dc</span> <span class='ocrx_word' id='word_1_252' title='bbox 1220 3729 1293 3795; x_wconf 55' lang='lat' dir='ltr'>itast</span> 
     </span>
     <span class='ocr_line' id='line_1_31' title="bbox 234 3820 1290 3890; baseline -0.001 -16"><span class='ocrx_word' id='word_1_253' title='bbox 234 3838 259 3890; x_wconf 93' lang='lat' dir='ltr'>p.</span> <span class='ocrx_word' id='word_1_254' title='bbox 278 3820 348 3889; x_wconf 84' lang='lat'>787.)</span> <span class='ocrx_word' id='word_1_255' title='bbox 394 3821 499 3876; x_wconf 78' lang='lat' dir='ltr'>Samma</span> <span class='ocrx_word' id='word_1_256' title='bbox 526 3820 721 3890; x_wconf 88' lang='lat' dir='ltr'>uncjagtighed</span> <span class='ocrx_word' id='word_1_257' title='bbox 742 3820 828 3875; x_wconf 89' lang='lat' dir='ltr'>findes</span> <span class='ocrx_word' id='word_1_258' title='bbox 852 3820 962 3875; x_wconf 81' lang='lat' dir='ltr'>oveufor</span> <span class='ocrx_word' id='word_1_259' title='bbox 979 3822 989 3874; x_wconf 95' lang='lat' dir='ltr'>i</span> <span class='ocrx_word' id='word_1_260' title='bbox 1006 3821 1046 3876; x_wconf 72' lang='lat'>20.</span> <span class='ocrx_word' id='word_1_261' title='bbox 1065 3821 1108 3890; x_wconf 80' lang='lat'>40,</span> <span class='ocrx_word' id='word_1_262' title='bbox 1135 3820 1290 3875; x_wconf 86' lang='lat' dir='ltr'>nedenlori</span> 
     </span>
     <span class='ocr_line' id='line_1_32' title="bbox 232 3911 659 3982; baseline -0.002 -15"><span class='ocrx_word' id='word_1_263' title='bbox 232 3914 352 3982; x_wconf 87' lang='lat'>49.111,</span> <span class='ocrx_word' id='word_1_264' title='bbox 387 3912 506 3981; x_wconf 82' lang='lat'>50.114,</span> <span class='ocrx_word' id='word_1_265' title='bbox 541 3911 659 3967; x_wconf 78' lang='grc'><strong>55,126.</strong></span> 
     </span>
    </p>

    <p class='ocr_par' dir='ltr' id='par_1_5' title="bbox 187 4001 1290 4149">
     <span class='ocr_line' id='line_1_33' title="bbox 187 4001 1290 4072; baseline -0.002 -14"><span class='ocrx_word' id='word_1_266' title='bbox 187 4019 214 4059; x_wconf 77' lang='grc'>64</span> <span class='ocrx_word' id='word_1_267' title='bbox 234 4008 329 4058; x_wconf 88' lang='lat' dir='ltr'>uotae</span> <span class='ocrx_word' id='word_1_268' title='bbox 355 4004 523 4072; x_wconf 88' lang='lat' dir='ltr'>veritatis]</span> <span class='ocrx_word' id='word_1_269' title='bbox 550 4020 576 4059; x_wconf 90' lang='lat' dir='ltr'>o:</span> <span class='ocrx_word' id='word_1_270' title='bbox 599 4001 775 4070; x_wconf 82' lang='lat' dir='ltr'>sandfaerdige</span> <span class='ocrx_word' id='word_1_271' title='bbox 802 4002 1038 4071; x_wconf 84' lang='lat' dir='ltr'>tilkendegivelser</span> <span class='ocrx_word' id='word_1_272' title='bbox 1063 4002 1094 4056; x_wconf 84' lang='lat' dir='ltr'>af</span> <span class='ocrx_word' id='word_1_273' title='bbox 1117 4003 1164 4056; x_wconf 87' lang='lat' dir='ltr'>det</span> <span class='ocrx_word' id='word_1_274' title='bbox 1184 4003 1290 4057; x_wconf 89' lang='lat' dir='ltr'>tilkom—</span> 
     </span>
     <span class='ocr_line' id='line_1_34' title="bbox 233 4094 334 4149; baseline 0.01 -1"><span class='ocrx_word' id='word_1_275' title='bbox 233 4094 334 4149; x_wconf 83' lang='lat' dir='ltr'>mande.</span> 
     </span>
    </p>
   </div>
   <div class='ocr_carea' id='block_1_5' title="bbox 0 0 1476 4625">
    <p class='ocr_par' dir='ltr' id='par_1_6' title="bbox 0 0 1476 4625">
     <span class='ocr_line' id='line_1_35' title="bbox 0 0 1476 4625; baseline 0 2"><span class='ocrx_word' id='word_1_276' title='bbox 0 0 1476 4625; x_wconf 95' lang='lat' dir='ltr'> </span> 
     </span>
    </p>
   </div>
  </div>
 </body>
</html>
