2942 4625
540 390 609 444 ΙᾸΒ.
627 389 665 444 Π.
683 391 724 445 43.
743 389 854 444 91-46.
874 390 914 446 94,
1195 377 1255 438 181

201 588 307 671 dytas,
336 591 375 653 ut
405 590 571 666 scribitur,
600 592 676 654 ante
705 590 897 667 solstitium,
925 592 973 667 ut,
1002 591 1030 654 si
1053 589 1118 652 iam
1141 606 1258 652 oenoe-

201 696 327 773 damus‚
361 696 486 779 aliquid
521 699 588 761 vim
622 698 798 761 caelestem
831 697 872 760 ad
907 716 976 774 eos,
1012 698 1068 778 qui
1102 699 1137 760 in
1170 698 1258 759 terra

200 806 393 885 gignuntur,
417 804 591 886 pertinere,
616 791 839 868 confitendum
864 806 908 868 sit
931 806 1009 882 illis,
1034 823 1099 882 eOS,
1123 805 1179 884 qui
1199 822 1259 867 na-

200 914 340 976 seuntur
362 912 475 976 eodem
497 915 655 994 tempore,
680 931 775 994 posse
796 913 831 975 in
848 912 1019 976 dissimilis
1034 912 1180 975 innidere
1200 930 1259 974 na-

200 1023 292 1083 turas
315 1021 450 1102 propter
473 1020 555 1083 caeli
579 1019 901 1095 dissimilitudinem
925 1020 1012 1100 quod
1035 1020 1170 1083 minime
1191 1019 1259 1082 illis

202 1128 326 1210 placet,
354 1128 470 1191 volunt
501 1129 588 1190 enim
617 1127 677 1204 illi,
707 1128 813 1191 omnis
844 1128 958 1191 eodem
984 1129 1131 1209 tempore
1161 1128 1258 1204 ortos,

202 1237 260 1316 qui
282 1235 404 1315 ubique
428 1234 495 1298 sint
516 1236 596 1310 nati,
621 1235 734 1298 eadem
751 1234 942 1299 oondieione
959 1237 1060 1299 nasoi.
1097 1234 1160 1299 Sed
1177 1252 1259 1315 quae
1278 1193 1321 1328 ἐξ

201 1346 296 1407 tanta
319 1342 484 1407 dementia
507 1345 567 1420 est,
596 1345 635 1406 ut
657 1345 692 1406 in
714 1343 876 1407 maxumis
898 1343 1044 1407 motibus
1066 1344 1261 1407 mutationi-

201 1451 328 1532 busque
353 1450 435 1514 oaeli
457 1452 541 1515 nihil
556 1452 700 1528 intersit,
724 1452 781 1531 qui
798 1454 927 1529 ventus,
952 1452 1024 1533 [qui
1040 1452 1160 1532 imber]
1178 1468 1261 1531 quae

201 1561 382 1641 tempestas
416 1559 537 1639 ubique
569 1560 612 1623 sit
640 1596 681 1605 -
709 1578 850 1640 quarum
881 1577 992 1622 rerum
1025 1560 1060 1621 in
1094 1560 1261 1640 proxumis

201 1668 283 1731 loeis
311 1669 424 1730 tantae
453 1666 743 1731 dissimilitudines
767 1685 838 1730 esse
861 1673 1011 1748 possunt,
1046 1670 1083 1730 ut
1107 1666 1172 1729 alia
1195 1665 1261 1728 Tu-

203 1775 306 1852 sauli,
326 1774 391 1837 alia
414 1774 535 1837 Romae
563 1774 692 1838 eveniat
720 1791 817 1855 saepe
846 1776 1044 1855 tempestas;
1076 1773 1172 1854 quod,
1205 1775 1262 1854 qui

202 1881 376 1963 navigant,
410 1900 560 1944 maxume
595 1882 877 1958 animadvertunt,
912 1899 987 1944 oum
1020 1884 1055 1945 in
1089 1880 1261 1944 fleetendis

204 1990 443 2071 promunturiis
466 1991 639 2053 ventorum
661 1990 862 2053 mutationes
885 2008 1053 2053 maxumas
1073 2007 1170 2070 saepe
1187 2006 1262 2051 sen-

203 2097 294 2160 tiunt
316 2118 373 2159 -:
396 2097 476 2159 haee
499 2097 603 2176 igitur
626 2116 701 2160 oum
724 2097 769 2160 sit
792 2100 864 2160 tum
892 2099 1062 2174 serenitas,
1092 2099 1164 2159 tum
1187 2114 1262 2178 per-

203 2205 349 2269 turbatio
362 2205 454 2282 oaeli,
471 2207 563 2267 estne
577 2223 730 2268 sanorum
745 2204 915 2268 hominum
927 2204 988 2267 hoe
1001 2205 1042 2268 ad
1056 2205 1263 2268 nascentium

204 2315 296 2378 ortus
330 2315 495 2394 pertinere
525 2311 739 2389 nundinare,
775 2313 862 2394 quod
890 2332 956 2377 non
986 2317 1074 2377 oerte
1108 2315 1262 2395 pertinet,

202 2421 287 2485 illud
318 2423 429 2485 neseio
459 2420 537 2502 quid
567 2423 676 2497 tenue,
710 2420 797 2501 quod
821 2422 937 2485 sentiri
961 2421 1182 2498 nullomodo,
1211 2421 1263 2484 in-

203 2530 319 2609 tellegi
346 2531 457 2592 autem
484 2530 538 2591 vix
567 2531 686 2610 potest,
717 2547 800 2608 quae
824 2547 843 2591 a
865 2529 945 2592 luna
968 2531 1151 2609 ueterisque
1176 2529 1263 2593 side·

204 2637 296 2700 ribus
324 2637 405 2700 eaeli
435 2637 631 2718 temperatio
661 2637 729 2713 fiat,
760 2636 866 2699 dioere
895 2637 936 2700 ad
963 2656 1141 2718 puerorum
1172 2640 1262 2700 ortus

205 2746 392 2826 pertinere?
434 2742 543 2821 Quid?
566 2743 653 2822 quod
676 2762 743 2806 non
766 2744 976 2824 intellegunt,
1000 2746 1163 2809 seminum
1186 2745 1262 2821 vim,

206 2869 289 2930 quae
319 2850 359 2913 ad
387 2850 590 2930 gignendum
613 2850 917 2931 procreandumque
941 2853 1122 2933 plurimum
1143 2852 1262 2928 valeat,

205 3106 268 3158 ikke
283 3104 480 3171 menneskeligt
493 3104 576 3172 maele,
592 3121 653 3158 men
662 3105 713 3172 peb
722 3105 836 3173 ligesom
845 3105 996 3174 flagermus,
1010 3104 1265 3159 fortaellerHerodot

205 3195 347 3262 (IV.183);
366 3195 399 3249 de
417 3194 485 3249 boda
503 3196 513 3247 i
530 3195 608 3248 huler
626 3212 660 3265 og
677 3195 769 3248 levede
787 3195 817 3248 af
829 3195 936 3264 slanger
951 3212 985 3263 og
999 3196 1081 3249 andet
1093 3196 1168 3264 kryb.
1191 3196 1264 3249 Mera

205 3285 332 3339 fortaelles
348 3302 390 3338 om
407 3284 467 3338 dem
479 3285 565 3338 Strab.
576 3285 642 3339 XVI
650 3302 674 3353 p.
685 3286 736 3338 775
745 3285 763 3339 f.
781 3287 843 3341 Cos.
872 3287 899 3339 si
917 3286 993 3356 iam]
1007 3286 1078 3339 »selv
1088 3303 1160 3350 ome;
1178 3285 1264 3355 ligeri

205 3375 323 3430 63129.
363 3375 399 3429 Jf.
423 3376 653 3430 1111111111433.
695 3375 858 3445 insidere]
883 3376 1011 3445 betegner
1034 3376 1079 3430 det
1103 3375 1202 3430 aldeles
1221 3376 1264 3429 til·

206 3465 312 3534 faldr'ge
331 3465 456 3533 (idumpe
475 3466 522 3519 iud
540 3467 585 3533 i‹).

206 3573 291 3625 quae
313 3560 411 3609 tanta
432 3555 606 3609 dementia
629 3559 695 3625 est,
718 3556 840 3624 ut...]
864 3556 958 3611 Mea·
974 3557 991 3626 ἐ
1009 3558 1060 3612 374
1077 3574 1147 3611 anm.
1167 3539 1316 3649 naburg}

203 3646 237 3715 jf.
254 3646 382 3700 nedenfor
399 3647 409 3699 i
426 3647 467 3700 62.
487 3647 543 3700 127.
581 3648 614 3700 in
636 3647 802 3700 maxumis
826 3648 977 3702 motibus
996 3690 1002 3703 .
1022 3692 1027 3701 .
1047 3648 1064 3716 .]
1089 3664 1114 3702 e:
1138 3648 1212 3701 trods
1231 3648 1263 3701 de

207 3741 277 3791 storo
295 3736 480 3805 forandringer
497 3780 503 3792 .
523 3780 528 3791 .
548 3780 553 3791 .
572 3738 641 3805 (som
660 3737 745 3804 vejret
762 3737 903 3802 bevirker).
932 3739 996 3807 [qui
1015 3738 1141 3807 imberss
1157 3755 1184 3792 se
1199 3739 1262 3792 filol.

206 3827 315 3882 tidsskr.
335 3829 352 3881 l.
372 3831 389 3881 l.
409 3844 433 3896 p.
452 3828 494 3882 31.
540 3844 611 3881 esse
638 3827 795 3897 possunt]
821 3845 848 3881 se
873 3830 892 3884 l.
917 3830 933 3883 l.
957 3846 982 3897 p.
1002 3829 1043 3883 39.
1088 3829 1175 3897 quod
1200 3845 1264 3882 non

207 3921 296 3971 certe
314 3919 478 3986 pertinet]
496 3918 641 3985 Meningen
659 3934 697 3972 er:
717 3917 764 3971 det
781 3935 809 3971 er
823 3919 925 3987 ganake
940 3920 995 3973 viat
1009 3919 1079 3988 galt3
1098 3935 1159 3972 men
1172 3919 1264 3972 1101111-

207 4008 324 4061 kvensen
341 4007 413 4061 eilde
430 4008 524 4076 kraeve,
542 4011 572 4061 at
580 4008 755 4062 Khaldaeme
772 4008 898 4063 haevdede
913 4010 966 4064 det.
994 4009 1080 4078 Nogle
1094 4009 1265 4063 foretrakker

208 4105 279 4152 certe
304 4115 368 4152 aon.
414 4115 496 4166 quae
520 4116 535 4151 a
557 4098 753 4168 luna-fiat]
779 4099 873 4153 Denne
896 4100 1029 4153 iudirekte
1053 4100 1266 4168 spergesaetning
