2942 4625
512 397 581 453 LIB.
598 397 636 451 II.
656 397 696 451 17.
714 396 826 451 40-19.
845 395 886 448 44.
1166 379 1226 438 143

170 603 340 683 potentem
361 598 495 661 Iovem?
528 597 646 678 Itaque
668 598 704 660 in
725 599 848 660 nostris
865 594 1107 658 commentariis
1123 595 1228 677 scrip-

170 714 243 771 tum
266 706 439 770 habemus:
464 705 550 769 ‘Iove
573 707 720 781 tonante,
744 704 934 784 fulgurante
958 702 1091 766 comitia
1113 704 1228 785 populi

172 815 291 878 habere
314 813 427 877 nefas?
479 813 550 877 Hoc
572 813 711 876 fortasse
734 813 783 876 rei
807 811 958 893 publicae
983 828 1081 873 causa
1104 812 1227 875 consti·
1245 816 1284 871 43

171 925 283 986 tutum
310 925 375 996 est3
407 922 614 985 ccmiiicr'um
643 921 731 983 enim
761 939 826 983 non
858 918 1083 982 habendorum
1113 936 1227 983 causas

172 1048 243 1094 esse
274 1030 460 1094 voluerunt.
511 1027 628 1108 Itaque
659 1028 866 1091 comitiorum
897 1028 1002 1090 solum
1029 1028 1148 1090 sitium
1178 1030 1228 1090 est

170 1138 306 1214 fulmen,
332 1136 417 1217 quud
441 1135 528 1198 idem
552 1136 703 1199 omnibus
726 1136 824 1198 rebus
849 1137 1020 1216 optumum
1044 1136 1228 1216 auspicium

169 1246 339 1320 habemus,
364 1245 392 1308 si
415 1244 587 1306 sinistrum
611 1242 684 1307 fuit.
727 1242 791 1306 Sed
815 1243 854 1306 de
878 1243 1034 1325 auspiciis
1058 1243 1122 1306 alic
1145 1242 1227 1319 lucc,

171 1370 260 1416 nunc
284 1352 323 1415 de
345 1350 541 1431 fulgoribus.

235 1460 320 1538 Quid
344 1460 448 1540 igitur
469 1459 579 1522 minus
603 1477 621 1521 a
644 1459 790 1540 physicis
813 1458 880 1522 dici
903 1457 1000 1522 debet
1020 1476 1118 1537 quam
1134 1460 1226 1539 quic·
1248 1451 1291 1511 19

171 1588 270 1649 quam
287 1570 369 1632 celii
387 1567 568 1647 significari
579 1566 677 1630 rebus
690 1567 850 1630 incertis?
862 1603 902 1612 -
916 1566 1081 1629 nonenim
1097 1568 1130 1629 te
1146 1570 1226 1648 pulc

170 1695 241 1740 esse
271 1695 355 1751 eum,
384 1676 441 1754 qui
462 1674 533 1738 Iovi
561 1673 688 1736 fulmen
714 1672 893 1737 fabricatus
917 1692 987 1737 esse
1011 1672 1170 1755 Cyclopas
1192 1675 1233 1737 in

171 1786 278 1846 Aetna
300 1784 413 1864 putes3
442 1800 519 1845 nam
542 1782 629 1844 esset
651 1781 812 1857 mirabile,
837 1799 900 1860 que
924 1780 1019 1844 modo
1042 1781 1077 1844 id
1099 1768 1228 1862 Iupiter
1244 1787 1282 1840 44

169 1892 293 1953 totiens
316 1889 448 1961 iaceret,
472 1906 547 1950 eum
570 1907 674 1951 unum
693 1889 842 1963 haberem
865 1905 926 1951 nec
941 1906 1016 1951 vero
1032 1888 1227 1952 fulminibus

168 2215 218 2268 har
241 2214 321 2267 skabt
344 2215 500 2283 gudetrcen,
522 2214 614 2268 moder
638 2230 667 2267 cs
685 2214 747 2267 flere
766 2230 852 2282 gange
870 2215 880 2267 i
898 2214 949 2266 den
968 2230 1058 2267 senerc
1077 2214 1171 2283 oldtid,
1190 2214 1228 2268 sfa-

168 2305 241 2360 ledes
260 2307 269 2359 i
288 2305 334 2360 dci
352 2305 485 2361 bekendte
498 2308 609 2375 primus
626 2308 656 2359 in
675 2306 740 2359 orbe
758 2305 822 2359 deos
839 2307 905 2372 fecit
923 2307 1003 2359 timer
1021 2304 1138 2373 (Pelion.
1148 2308 1226 2376 frpm.

168 2398 202 2450 27
220 2420 254 2446 :
273 2398 341 2452 scat.
364 2397 608 2465 Tuee.111.661);
628 2396 660 2465 jf.
685 2413 711 2449 n.
737 2396 763 2449 d.
781 2396 816 2449 11.
836 2396 859 2450 5,
880 2397 912 2449 13
930 2395 947 2449 f.
994 2396 1157 2464 seriptum
1180 2395 1227 2449 ha-

170 2488 293 2557 bemus]
313 2488 345 2557 js.
368 2491 450 2541 ncten
473 2489 494 2541 I.
520 2488 560 2542 15.
580 2488 620 2541 28.
665 2486 743 2539 Iove
770 2489 925 2555 tonante,
952 2486 1157 2556 fulgurante]
1185 2487 1227 2540 Da

168 2579 314 2647 sulpureas
341 2579 418 2632 ellers
445 2578 508 2631 ikke
534 2578 711 2632 fcrekommcr
737 2578 786 2630 hcs
814 2576 906 2631 Cicero
934 2578 987 2645 (cm
1012 2579 1175 2646 fulpurator
1199 2594 1227 2630 se

168 2668 210 2722 53.
230 2668 291 2737 109)
314 2685 348 2737 og
370 2668 416 2722 der
439 2671 448 2722 i
473 2668 558 2722 denne
580 2668 743 2722 fcrbindclse
765 2667 849 2736 plejer
871 2669 900 2720 at
924 2666 965 2720 sil
987 2668 1117 2737 fulpcata
1144 2667 1226 2721 burde

170 2758 243 2811 dette
267 2758 359 2812 mkske
381 2760 519 2813 indsaeftes
541 2759 596 2813 her.
638 2759 689 2814 Om
708 2758 879 2812 udeladelsen
897 2756 927 2811 af
943 2767 970 2813 ct
986 2774 1014 2811 se
1031 2758 1124 2811 Mdv.³
1141 2758 1158 2825 ξ
1175 2758 1227 2811 434

170 2848 251 2902 slutn.

170 2940 219 2993 rei
241 2939 330 3008 publ.
355 2941 464 3010 causa]
484 2941 529 2994 »af
544 2939 671 3009 politiske
689 2937 816 3007 hensyn«.
860 2938 976 3008 selum]
996 2938 1089 2991 Maske
1106 2940 1227 2993 sclerum
1245 2949 1274 2990 43

169 3030 293 3100 (Christ).
335 3031 401 3084 alic
425 3031 508 3099 lucc]
532 3048 553 3084 c.
576 3031 610 3084 33
628 3030 655 3083 ff.
696 3029 732 3083 Jf.
752 3030 762 3082 i
780 3031 869 3098 avrigt
886 3032 968 3083 neten
986 3030 1007 3084 I.
1026 3029 1068 3084 33.
1086 3028 1120 3082 72
1137 3046 1226 3097 supra

170 3122 238 3176 dixi.

168 3228 230 3264 nen
255 3212 342 3265 enim
364 3215 397 3264 te
422 3215 502 3279 pute
522 3255 527 3265 .
547 3255 551 3265 .
572 3212 589 3279 .]
618 3211 856 3280 Sammcnhaengen
879 3227 908 3264 er
924 3209 1062 3278 folgende:
1085 3210 1180 3279 lynene
1199 3226 1226 3262 er
1245 3202 1281 3256 19

168 3304 252 3369 neget
272 3301 406 3365 usikkert;
430 3300 472 3354 fcr
496 3304 578 3369 (cuim
595 3300 723 3354 fcrklares
742 3302 752 3353 i
770 3304 852 3354 ncten
869 3300 890 3354 Ι,
910 3301 950 3354 15.
969 3300 1014 3369 26)
1032 3300 1068 3354 du
1086 3317 1176 3353 mener
1193 3299 1227 3353 da

169 3391 211 3445 vel
233 3391 304 3460 ikke,
327 3393 356 3444 ai
372 3390 498 3459 Iupiter's
515 3392 562 3461 lyn
580 3409 608 3445 er
626 3391 729 3445 smedcc
747 3390 974 3460 af·Kyklcperne;
997 3389 1082 3444 havde
1100 3390 1154 3443 han
1171 3390 1227 3443 kun

169 3484 204 3550 et,
223 3480 312 3535 kunde
330 3481 384 3534 han
399 3481 429 3549 jc
447 3483 509 3537 ikke
527 3482 658 3553 udslynge
672 3482 704 3535 de
719 3498 816 3550 mange
831 3482 885 3551 lyn,
904 3482 930 3534 vi
946 3498 996 3549 ser,
1014 3497 1048 3550 cg
1060 3481 1123 3534 ikke
1134 3481 1227 3550 heller,

169 3589 227 3625 scm
251 3572 297 3625 det
320 3571 420 3641 pistis,
445 3573 494 3626 ved
512 3590 608 3642 mange
626 3572 672 3642 lyn
689 3572 826 3641 tilskynde
845 3572 910 3626 eller
927 3571 1023 3626 advers
1041 3572 1225 3626 menneskene.

168 3662 231 3715 Men
259 3662 305 3715 dei
331 3662 468 3732 beiragtes
492 3680 529 3717 nu
553 3681 610 3718 sum
634 3664 721 3733 givet,
748 3667 778 3718 at
802 3663 918 3729 Quintus
945 3663 1008 3716 ikke
1032 3664 1089 3716 tror
1115 3661 1150 3730 pl
1173 3662 1226 3717 dei.

169 3752 243 3821 Ogsi
260 3752 311 3806 ved
330 3753 484 3807 Sicikernes
506 3753 608 3823 fysiske
629 3754 717 3808 theeri
740 3771 783 3807 om
807 3755 902 3824 lynene
926 3754 1012 3807 bliver
1028 3753 1060 3806 de
1078 3752 1227 3806 innidlcrtid

168 3847 252 3912 neget
278 3843 412 3898 usikkert:
441 3844 474 3897 de
501 3861 591 3899 menet
616 3845 718 3914 nemlig
736 3887 742 3900 .
762 3887 767 3899 .
787 3887 807 3900 ..
857 3845 923 3899 Non
949 3846 1173 3899 caim—moneret
1199 3859 1227 3896 cr

169 3933 240 3987 alisi
257 3949 290 3987 en
308 3934 458 4001 parenthes.

167 4041 242 4077 nam
265 4027 357 4077 esset
380 4026 549 4094 mirabile]
574 4025 629 4078 »fer
651 4025 661 4078 i
684 4024 720 4078 si
742 4024 816 4079 fald
839 4024 911 4078 vilde
935 4024 981 4079 dei
998 4040 1066 4077 vare
1084 4067 1090 4079 .
1110 4066 1116 4078 .
1135 4043 1172 4087 ,ις
1193 4022 1225 4092 jl‘.
1245 4041 1273 4081 14

168 4118 250 4168 neten
268 4114 289 4168 Ι.
308 4114 349 4169 38.
368 4116 409 4171 83.
445 4133 503 4171 nec
521 4132 595 4170 vere
613 4115 816 4169 fulminibus
835 4158 841 4170 .
861 4158 867 4170 .
887 4116 903 4184 .]
922 4114 960 4168 At
977 4115 1088 4183 Iupiter,
1106 4113 1154 4167 nir
1171 4113 1224 4168 han
