2942 4625
528 369 598 425 LIB.
616 369 655 425 II.
673 369 713 424 34.
733 367 843 424 71-35.
862 369 903 424 74.
1183 353 1243 417 165

189 572 399 652 expressum?
434 567 504 646 Quo
528 570 787 649 antiquissumos
810 584 951 647 augures
973 586 1041 631 non
1063 585 1134 631 esse
1157 586 1244 645 usos,

190 679 383 756 argumento
413 679 473 753 est,
503 675 589 757 quod
613 674 782 738 decretum
804 674 935 754 eollegii
958 677 1053 738 uetus
1075 674 1244 752 habemus,

189 801 319 847 omnem
341 777 640 865 avem'tripudium
661 782 770 846 faeere
793 799 899 863 posse.
933 781 1017 844 Tum
1039 783 1143 861 igitur
1159 783 1246 845 esset

190 892 384 972 auspicium,
408 889 555 954 simodo
578 892 666 954 esset
681 892 711 953 ei
726 890 877 966 liberum,
901 906 935 951 se
951 888 1149 963 ostendisse;
1172 890 1246 951 tum

190 999 264 1075 auis
282 998 340 1061 illa
362 996 466 1061 videri
489 999 601 1079 posset
622 999 786 1078 interpres
810 998 842 1059 et
866 993 998 1059 satelles
1013 994 1111 1060 Iovis.
1148 996 1245 1059 Nune

189 1123 265 1168 vero
288 1105 416 1168 inelusa
438 1106 474 1168 in
497 1122 595 1168 eavea
618 1106 651 1167 et
673 1103 758 1168 fame
783 1106 898 1195 enecta
921 1105 949 1166 si
971 1104 1006 1166 in
1028 1102 1125 1167 offam
1140 1102 1245 1184 pultis

107 1293 109 1297 Ι
189 1214 321 1289 invasit,
346 1216 379 1274 et
402 1214 429 1276 si
453 1211 579 1292 aliquid
602 1230 640 1275 ex
663 1213 733 1275 eius
757 1228 811 1274 ore
835 1209 964 1287 residit,
987 1210 1048 1273 hoo
1071 1212 1109 1273 tn
1133 1210 1245 1291 auspi·

191 1320 278 1382 oium
301 1321 359 1382 aut
381 1318 443 1383 hoe
464 1319 560 1383 modo
579 1319 757 1382 Romulum
780 1318 945 1399 auspicari
968 1318 1102 1382 solitum
1125 1319 1246 1398 putas?

75 1433 77 1436 ’
189 1426 261 1490 Iam
288 1426 328 1489 de
351 1428 440 1490 eaelo
463 1444 591 1491 servare
614 1445 681 1490 non
703 1428 794 1508 ipsos
817 1441 930 1488 censes
954 1424 1079 1502 solitos,
1108 1424 1164 1505 qui
1187 1442 1246 1487 au·
1264 1433 1299 1491 74

192 1534 426 1617 spirabantur‘?
476 1534 572 1598 Nune
600 1535 765 1614 imperant
793 1532 948 1613 pullario;
978 1532 1035 1595 ille
1065 1526 1246 1595 renuntiat.

191 1640 330 1704 Fulmen
369 1641 550 1723 sinistrum¹
578 1642 762 1722 auspicium
800 1642 973 1721 optumum
1009 1639 1168 1702 habemus
1205 1638 1247 1702 ad

186 1749 298 1818 ,omnis
320 1764 372 1812 res
395 1753 625 1829 praeterquam
647 1746 688 1810 ed
712 1746 861 1820 eomitia;
886 1745 972 1826 quod
996 1745 1129 1825 quidem
1149 1746 1247 1809 insti·

192 1857 304 1918 tutum
326 1855 373 1917 rei
396 1854 547 1935 publieae
561 1870 670 1917 eausa
692 1856 753 1930 est,
776 1856 814 1917 ut
838 1854 1044 1917 comitiorum
1068 1854 1119 1916 vel
1142 1854 1177 1916 in
1194 1855 1246 1917 iu·

193 2187 290 2253 narni,
312 2186 389 2251 fame
410 2201 431 2239 e.
457 2201 478 2239 e.
503 2184 577 2252 (filol.
602 2183 710 2237 tidsskr.
734 2184 752 2237 l.
776 2184 793 2238 1.
812 2200 836 2251 p.
855 2183 889 2236 37
907 2183 944 2252 i).
990 2182 1057 2248 Quo
1084 2182 1248 2250 antiquis·

194 2290 304 2328 sumes
323 2318 328 2329 .
349 2318 354 2328 .
374 2275 390 2344 .]
408 2275 468 2329 Den
486 2274 564 2328 ealdre
582 2273 637 2328 tide
655 2289 769 2342 augurer
785 2276 833 2343 tog
851 2273 922 2327 altst
938 2272 992 2327 nok
1009 2272 1097 2327 varsel
1114 2272 1145 2327 af
1161 2267 1247 2342 trepo-

194 2367 277 2433 dium,
295 2381 357 2418 men
374 2366 438 2433 kun,
456 2364 505 2418 ntr
522 2365 568 2418 det
584 2349 672 2417 tilbed
692 2364 735 2432 sig
751 2363 903 2433 tilfaeldigt;
922 2364 954 2418 de
971 2364 1050 2418 holdt
1067 2364 1129 2417 ikke
1147 2363 1220 2432 fugle
1238 2365 1248 2417 i

193 2455 244 2508 bur
266 2456 352 2509 dertil.
398 2456 476 2509 Tum
500 2454 609 2523 igitur
632 2454 813 2523 esset...]
835 2454 977 2523 Subjektet
998 2471 1026 2508 er
1048 2471 1078 2508 se
1100 2455 1248 2508 ostendisse

194 2544 294 2612 (Madv.
312 2561 403 2613 opusc.
424 2545 492 2599 ue.¹¹
504 2562 530 2612 p.
548 2544 637 2613 497>x
654 2545 824 2613 interpres
843 2564 874 2592 =
893 2546 1074 2599 internuntia.
1103 2544 1247 2597 satelles

193 2634 297 2702 Iovis]
326 2634 432 2689 Samme
459 2633 654 2703 udtrykl.47.
675 2635 725 2688 106
752 2651 795 2687 em
821 2650 916 2699 omem
943 2634 991 2687 her
1015 2637 1140 2688 narmest
1166 2633 1247 2687 »bud-

194 2725 327 2793 bringer«,
348 2723 536 2792 »udsendingo

196 2816 253 2883 qui
271 2813 552 2883 auspicabantur]
571 2828 602 2869 a:
621 2815 834 2883 magistralem,
856 2815 919 2868 ikke
937 2830 1093 2883 suppreme,
1112 2831 1169 2867 som
1186 2813 1249 2867 ikke
1268 2825 1294 2867 74

195 2904 292 2973 brugte
305 2905 438 2972 penaria
453 2903 486 2971 jf.
505 2904 544 2957 ud
560 2906 627 2969 fam.
646 2905 678 2959 X.
698 2904 738 2958 12.
757 2905 781 2958 3.
821 2904 960 2958 Fulmen
979 2904 1162 2958 sinistrum
1181 2947 1185 2958 .
1205 2947 1211 2957 .
1231 2905 1248 2972 .]

195 2994 250 3047 Det
270 2994 379 3063 hoenger
400 2992 502 3046 siledes
526 3009 646 3047 sammen
670 2994 730 3047 med
754 2994 800 3048 det
821 2994 990 3063 foregiende:
1018 2994 1112 3047 forhen
1135 3011 1182 3048 var
1203 2993 1249 3048 det

195 3085 400 3156 magistrateme
419 3084 482 3152 selv,
501 3083 571 3137 altst
584 3085 729 3152 principes
747 3087 875 3153 nimietas,
894 3084 940 3138 der
957 3084 1061 3153 foretog
1077 3088 1197 3140 savaria
1215 3087 1250 3139 de

197 3176 281 3241 eaelo,
300 3190 334 3242 og
351 3173 397 3227 det
410 3190 457 3227 var
471 3173 555 3227 under
569 3174 655 3226 denne
669 3174 871 3243 forudsaetning,
890 3191 952 3228 man
965 3174 1057 3243 gjorde
1070 3176 1249 3244 iagttagelsen

196 3264 226 3318 af
239 3264 286 3333 lyn
304 3265 338 3317 til
355 3263 484 3331 hindring
500 3263 542 3316 for
558 3263 724 3331 kemitierne,
748 3264 850 3333 nemlig
866 3264 908 3317 for
924 3268 953 3318 at
969 3265 1030 3333 'give
1049 3265 1120 3318 disse
1138 3265 1249 3319 ledende

194 3354 281 3407 meend
299 3370 332 3407 en
350 3353 496 3421 anledning
512 3353 546 3406 til
564 3355 593 3406 at
610 3352 746 3406 forhindre
764 3354 903 3407 kemitiers
926 3354 1083 3422 allroldelse‚
1105 3354 1155 3408 nar
1173 3352 1205 3408 (le
1223 3354 1253 3408 af

194 3444 322 3512 politiske
340 3442 442 3512 grunde
460 3445 513 3510 (rei
526 3459 556 3511 p.
577 3444 676 3510 eausa)
694 3441 810 3496 enskede
829 3443 888 3497 dem
912 3443 1027 3499 udsatte.
1067 3445 1127 3498 Den
1149 3462 1249 3498 semme

194 3533 277 3586 tenke
294 3532 400 3586 udtales
418 3533 427 3585 i
446 3532 485 3586 18.
495 3532 537 3586 43.
558 3563 590 3571 —
607 3533 623 3587 I
640 3533 729 3600 evrigt
746 3532 856 3587 foresltr
869 3534 1019 3588 Mommsen
1033 3535 1129 3603 (Rom.
1147 3543 1249 3590 staats·

194 3623 273 3677 recht
288 3621 302 3673 Ι
319 3638 344 3690 p.
363 3623 391 3690 6)
415 3625 443 3676 at
467 3623 539 3676 laese:
563 3624 609 3676 ille
631 3624 776 3678 renuntiet
797 3625 902 3689 fulmen
918 3626 1069 3685 mamaeam.
1095 3626 1249 3693 auspicium

196 3713 327 3780 optimum
345 3713 420 3780 quod
437 3711 551 3779 (skledes
569 3711 684 3778 hdskrr.)
700 3713 831 3767 habemas
850 3756 855 3768 .
876 3757 881 3768 .
901 3736 919 3779 .;
943 3716 1085 3784 meningen
1104 3702 1198 3769 skulde
1216 3716 1251 3769 da

195 3816 271 3870 vare,
295 3804 324 3854 at
346 3801 393 3855 der
412 3801 481 3854 altid
503 3802 565 3855 blev
588 3801 674 3855 meldt
691 3805 719 3855 et
737 3802 870 3872 (fingeret)
888 3803 934 3873 lyn
952 3804 993 3858 ira
1009 3808 1124 3874 venene,
1147 3822 1181 3874 og
1204 3804 1251 3858 det

195 3890 264 3960 gode
290 3891 377 3945 varsel
401 3894 478 3960 togas
505 3891 540 3945 <la
565 3891 595 3944 af
618 3891 786 3961 meldingens
813 3893 876 3947 ord.
921 3894 956 3949 Jf.
981 3895 1059 3949 Dion.
1084 3895 1144 3948 Hal.
1168 3895 1205 3948 Π.
1224 3895 1250 3952 6.

196 3981 432 4035 comitiorum.
452 4025 457 4035 .
477 4024 483 4035 .
502 3985 617 4035 essent
634 3982 852 4052 interpretes]
863 3985 1031 4052 Interpretes
1042 3984 1170 4052 betegner
1181 3983 1249 4054 dem,

196 4069 243 4123 der
260 4070 335 4139 algor
352 4070 476 4139 religiose
493 4071 631 4125 tvivlsmtl
649 4071 710 4139 (ved
727 4072 916 4142 fortolkning);
935 4073 1017 4127 altat:
1038 4073 1147 4127 ›skulde
1160 4074 1250 4128 kunne
