2942 4625
129 453 131 456 v
240 372 279 432 12
505 385 700 441 CICERONIS
718 386 768 440 DE
787 386 1030 441 DIVINATIONE

237 589 362 664 tantur,
386 586 568 669 praedictio
586 588 685 667 atque
704 587 904 668 praesensio,
927 586 972 664 id,
996 589 1024 652 si
1043 589 1162 670 placet,
1186 590 1297 655 videa-

237 713 311 759 mus
336 714 434 777 quam
457 694 578 758 habeat
601 696 667 759 vim
691 696 724 758 et
748 695 843 776 quale
867 694 920 758 sit.
955 696 1024 776 Ego
1049 698 1135 761 enim
1160 698 1207 762 sic
1230 701 1297 763 exi-

238 804 346 879 stimo,
382 803 410 867 si
445 804 512 867 sint
547 820 585 865 ea
617 820 739 882 genera
772 801 943 868 divinandi
976 822 1062 882 vera,
1103 805 1141 869 de
1177 808 1297 887 quibus

238 911 425 994 accepimus
450 928 599 991 quaeque
622 911 772 988 colimus,
804 929 874 975 esse
899 910 986 989 deos,
1015 914 1237 996 vicissimque,
1269 918 1296 979 si

112 1007 115 1012 ⁵
186 987 220 1123 13
239 1019 272 1083 di
292 1021 370 1096 sint,
383 1038 454 1083 esse
474 1020 531 1100 qui
549 1018 718 1083 divinent?
744 1021 872 1083 ‘Arcem
889 1023 926 1084 tu
945 1020 1077 1101 quidem
1091 1021 1296 1102 Stoicorum',

133 1153 137 1160 ·
235 1128 382 1209 inquam,
412 1127 555 1205 ‘Quinte
593 1126 753 1204 defendis,
788 1127 951 1209 siquidem
979 1130 1045 1193 ista
1075 1131 1122 1194 sic
1151 1133 1297 1214 recipro-

237 1237 364 1314 cantur,
388 1238 491 1313 utet,
516 1236 544 1299 si
568 1235 728 1300 divinatio
752 1237 806 1314 sit,
831 1234 864 1299 di
883 1238 961 1313 sint,
985 1241 1028 1315 et,
1052 1239 1080 1302 si
1100 1238 1133 1302 di
1151 1240 1229 1317 sint,
1253 1241 1297 1304 sit

237 1344 406 1408 divinatio.
452 1343 598 1421 Quorum
620 1347 777 1407 neutrum
798 1346 867 1407 tam
891 1344 998 1422 facile,
1022 1364 1120 1426 quam
1147 1349 1185 1411 tu
1209 1348 1296 1412 arbi-

235 1453 344 1526 traris,
378 1450 579 1516 conceditur.
635 1450 720 1515 Nam
751 1455 784 1515 et
818 1436 952 1517 natura.
971 1453 1150 1533 significari
1183 1456 1297 1519 futura

237 1562 307 1624 sine
340 1561 399 1624 deo
428 1562 578 1641 possunt,
609 1562 650 1636 et,
679 1562 717 1622 ut
741 1560 808 1623 sint
832 1560 874 1637 di,
906 1562 1120 1642 potestfieri,
1144 1565 1296 1628 utnulla

236 1669 276 1732 ab
301 1668 342 1733 iis
367 1667 526 1731 divinatio
550 1668 661 1747 generi
684 1669 828 1732 humano
851 1670 978 1733 tributa
997 1669 1061 1734 sit.'
1096 1673 1204 1752 Atque
1223 1673 1296 1736 ille:

237 1777 329 1841 ‘mihi
358 1775 455 1855 vero',
484 1776 603 1857 inquit,
634 1776 726 1839 ‘satis
758 1779 809 1840 est
842 1779 1038 1857 argumenti,
1068 1782 1101 1842 et
1124 1797 1194 1843 esse
1219 1779 1296 1844 deos

237 1888 270 1948 et
294 1903 348 1947 eos
372 1884 542 1948 consulere
562 1883 660 1947 rebus
677 1884 842 1962 humente,
867 1884 954 1965 quod
972 1904 1042 1949 esse
1061 1887 1149 1950 clara
1169 1890 1202 1950 et
1221 1906 1296 1970 per-

237 1994 353 2074 spicua
377 1991 590 2055 divinationis
614 2010 734 2072 genera
757 1992 878 2056 iudico.
912 1993 960 2058 De
984 1994 1104 2074 quibus
1128 1996 1207 2077 quid
1225 1998 1295 2078 ipse

237 2102 388 2177 sentiam,
413 2101 440 2164 si
465 2100 584 2182 placet,
608 2119 776 2182 exponam,
800 2103 848 2164 ita
870 2103 991 2179 tamen,
1016 2104 1044 2166 si
1067 2121 1163 2168 vacas
1187 2089 1295 2168 animo

237 2205 343 2289 neque
366 2208 467 2272 habes
490 2208 622 2288 aliquid,
648 2207 733 2289 quod
757 2208 835 2271 huie
858 2211 1000 2273 sermoni
1021 2211 1296 2291 praevertendum

186 2316 219 2368 11
238 2317 355 2401 putes?
424 2317 502 2397 ‘Ego
544 2316 640 2395 vem’,
681 2317 830 2396 inquam,
873 2319 1121 2400 philosophiae,
1163 2318 1295 2397 Quinte,

239 2444 367 2507 semper
389 2443 483 2500 vaco;
512 2426 574 2489 hoc
597 2427 708 2489 autem
731 2428 888 2506 tempore,
916 2444 991 2489 cum
1020 2428 1063 2490 sit
1086 2426 1171 2490 nihil
1195 2427 1295 2505 aliud,

239 2534 326 2615 quod
354 2534 507 2597 lubenter
530 2551 625 2613 agere
649 2534 783 2615 possim,
812 2534 917 2598 multo
940 2536 1045 2615 magis
1070 2553 1147 2597 aveo
1171 2535 1295 2614 audire,

239 2642 278 2706 de
303 2641 505 2706 divinatione
530 2641 608 2722 quid
632 2641 777 2705 sentias!
966 2641 969 2646 ’

302 2748 425 2826 ‘Nihil'‚
448 2750 567 2830 inquit,
593 2749 755 2829 ‘equidem
772 2751 859 2828 novi,
882 2768 943 2814 nec
960 2752 1048 2832 quod
1066 2755 1196 2834 praeter
1208 2754 1295 2816 cete-

192 2998 220 3108 13
238 3038 341 3075 arcem
361 3021 554 3088 Stoicorum]
581 3021 659 3076 ’St‘s
677 3019 917 3089 hovedfaestning»,
940 3021 965 3074 d.
984 3038 1008 3074 v.
1028 3039 1047 3074 s.
1066 3021 1269 3090 haemepunktet
1287 3024 1296 3075 i

178 3167 183 3176 ,
238 3112 313 3165 deres
331 3112 405 3173 laere;
425 3110 457 3179 jf.
476 3111 511 3165 II.
532 3112 571 3166 16,
589 3111 624 3165 37
644 3113 757 3176 castella
771 3110 987 3178 sudenvaerkerv,
1005 3126 1031 3165 o:
1051 3111 1098 3165 det
1114 3114 1295 3182 uvaeseutlige.

237 3202 493 3270 reciprocantur]
525 3202 607 3254 Dette
625 3201 735 3254 verbum
754 3201 851 3269 bruges
870 3218 912 3254 om
931 3201 1216 3272 dobbeltbevagelsen,
1234 3205 1295 3259 hvis

238 3309 286 3346 ene
308 3292 352 3345 led
377 3291 546 3345 forudsaetter
564 3309 598 3361 cg
616 3291 740 3361 betinger
757 3291 803 3345 det
821 3291 910 3362 audet,
933 3292 1098 3362 bevaegelsen
1117 3294 1184 3348 irem
1202 3312 1237 3364 og
1254 3297 1296 3349 til·

237 3383 313 3452 bage‚
336 3381 373 3436 ud
395 3399 430 3451 og
452 3382 508 3451 ind,
533 3399 565 3452 op
585 3383 695 3453 egued,
720 3400 778 3437 som
796 3383 979 3448 indedraettet,
1003 3384 1170 3453 belgeslaget
1188 3403 1211 3440 o.
1229 3386 1295 3455 lign.

237 3474 297 3527 Den
320 3473 451 3528 evertente
474 3473 624 3543 betydning
641 3474 689 3527 her
707 3474 784 3528 beror
802 3473 836 3528 da
854 3474 912 3527 blot
930 3473 965 3542 pi
982 3491 1014 3527 en
1034 3491 1168 3544 evergang
1185 3475 1226 3529 fra
1244 3475 1294 3529 den

236 3564 391 3618 mehaniske
409 3563 576 3617 konsehvens
593 3581 627 3633 og
639 3564 851 3634 komespondens
864 3565 899 3618 til
912 3564 963 3618 den
975 3566 1087 3634 logislve.
1114 3566 1162 3619 ita
1179 3569 1295 3636 tamen,

237 3655 274 3724 si]
296 3654 363 3722 »dog
380 3654 444 3722 hun,
462 3654 548 3709 hvis«.

191 3751 217 3790 11
237 3746 296 3800 hoo
314 3746 467 3823 tempore]
482 3745 718 3815 Sammenhaengen
729 3746 808 3813 visor,
822 3749 851 3799 at
859 3744 906 3799 der
914 3747 1014 3800 tankes
1024 3764 1076 3815 paa
1084 3747 1296 3803 tidsforholdene

237 3838 247 3891 i
266 3837 312 3890 det
329 3836 397 3890 hele.
416 3835 523 3891 Varhet
541 3849 570 3891 er
587 3837 693 3892 shrevet
711 3836 779 3890 efter
793 3836 913 3891 Caesar's
932 3837 984 3891 ded
998 3838 1030 3906 (Ι.
1044 3838 1085 3894 52.
1102 3840 1160 3908 119,
1178 3840 1214 3892 Π.
1228 3840 1251 3893 9.
1262 3840 1296 3892 23

237 3946 260 3982 o.
278 3928 305 3984 fl.
325 3929 378 3996 st.)
402 3943 463 3980 men
481 3928 491 3980 i
510 3944 610 3981 semme
629 3927 659 3982 sir
678 3929 723 3996 (II.
743 3929 767 3983 1.
785 3928 802 3981 3
821 3929 857 3994 cf.
875 3928 909 3982 dc
925 3930 986 3995 sato
1006 3932 1028 3984 1.
1047 3930 1083 3999 2),
1108 3946 1142 3998 og
1165 3928 1295 3982 ibenbart

210 4062 214 4069 .
236 4019 317 4072 inden
334 4018 426 4072 Cicero
444 4018 533 4072 endnu
551 4019 638 4072 havde
657 4022 755 4088 styrtet
773 4019 815 4087 sig
832 4019 880 4072 ind
897 4021 907 4073 i
922 4021 964 4074 sin
981 4019 1201 4088 sidstepolitishe
1214 4019 1294 4089 kamp

237 4109 348 4178 (septbr.
374 4109 427 4178 44).
477 4109 581 4163 multo
608 4110 724 4179 magis]
752 4127 789 4165 ec.
817 4127 899 4179 qaam
925 4113 998 4166 soleo
1025 4109 1105 4177 (rend
1131 4110 1239 4175 ellers‹;
1267 4127 1295 4164 se
