2942 4625
243 366 307 427 214
512 372 707 429 CICERONIS
726 373 776 429 DE
795 370 1037 427 DIVINATIONE

245 575 379 659 quidem
402 577 536 659 propter
558 573 839 638 intermissionem
861 570 1002 635 forensis
1025 587 1141 653 operae
1158 571 1191 633 et
1207 569 1306 633 lucu-

244 684 412 748 brationes
446 682 573 746 detraxi
606 683 639 744 et
669 678 916 744 meridiationes
947 676 1070 755 addidi,
1102 676 1222 757 quibus
1253 678 1306 740 uti

245 793 342 855 antea
365 809 430 854 non
451 789 606 864 solebam,
629 789 775 851 nectam
790 786 934 850 multum
950 784 1114 849 dormiens
1131 785 1199 848 ullo
1215 803 1306 849 som-

245 900 299 963 nio
329 917 402 962 sum
429 896 628 972 admonitus,
662 895 766 958 tantis
800 894 994 976 praesertim
1028 893 1067 958 de
1099 892 1208 970 rebus,
1243 911 1308 956 nec

245 1006 327 1071 mihi
343 1006 447 1086 magis
463 1021 621 1083 umquam
636 1000 758 1077 videor,
783 1019 881 1080 quam
897 1018 973 1064 cum
989 1001 1096 1065 autin
1111 999 1182 1064 foro
1198 1002 1308 1080 magi-

246 1117 371 1179 stratus
395 1112 510 1176 autin
533 1110 624 1175 ouria
647 1111 800 1173 senatum
823 1107 927 1185 video,
951 1109 1123 1174 somniare.

185 1216 226 1277 69
309 1220 441 1284 Etenim
465 1255 504 1266 -
528 1236 566 1282 en
596 1216 757 1281 divisione
785 1218 847 1280 hoc
878 1215 1061 1280 secundum
1083 1218 1134 1280 est
1156 1253 1197 1262 -
1221 1234 1307 1296 quae

245 1330 296 1392 est
323 1326 529 1390 continuatio
559 1326 815 1404 coniunctioque
842 1327 991 1401 naturae,
1021 1343 1128 1405 quam,
1160 1326 1198 1388 ut
1228 1323 1306 1400 dixi,

246 1439 364 1499 vocant
394 1432 582 1514 συμπάθειαν,
614 1432 685 1495 eius
713 1429 814 1508 modi,
838 1433 881 1494 ,ut
910 1432 1086 1496 thesaurus
1110 1450 1147 1495 ex
1170 1450 1230 1517 ovo
1253 1432 1307 1496 in-

245 1542 359 1622 tellegi
388 1539 529 1604 debeata
581 1538 666 1603 Nam
694 1537 815 1602 medici
844 1556 892 1602 ex·
916 1538 1115 1618 quibusdam
1142 1539 1242 1603 rebue
1272 1543 1306 1603 et

247 1649 453 1715 advenientis
477 1650 510 1711 et
532 1648 711 1711 crescentis
732 1645 863 1710 morbos
878 1646 1090 1727 intellegunt,
1113 1665 1180 1710 non
1196 1646 1306 1711 nullas

248 1759 349 1822 etiam
379 1753 580 1819 valetudmis
609 1753 879 1834 significatIones
907 1755 945 1817 ut
974 1754 1036 1817 hoo
1065 1755 1185 1835 ipsum,
1216 1755 1308 1837 pleni

248 1865 398 1929 enectine
423 1865 536 1938 simus,
560 1879 598 1924 en
621 1860 765 1941 quodam
787 1877 904 1940 genere
928 1862 1130 1925 somniorum
1156 1862 1309 1942 intellegi

248 1990 344 2055 posse
368 1970 493 2034 dicunt.
538 1968 725 2032 Thesaurus
749 1987 824 2032 vero
848 1970 882 2031 et
903 1967 1069 2033 hereditas
1092 1972 1125 2033 et
1147 1970 1251 2033 honos
1274 1974 1310 2032 et

248 2079 387 2144 victoria
410 2082 443 2141 et
464 2076 570 2140 multa
593 2077 722 2156 generis
746 2074 894 2140 eiusdem
917 2094 982 2156 qua
1005 2094 1080 2140 cum
1095 2078 1232 2141 somniis
1247 2096 1310 2140 na-

180 2197 231 2251 143
249 2186 350 2251 turali
373 2185 568 2265 cognatione
592 2184 801 2263 iunguntur?
853 2183 984 2248 Dicitur
1007 2183 1150 2264 quidam,
1175 2202 1250 2249 cum
1271 2186 1309 2247 in

250 2294 374 2358 somnis
398 2291 569 2374 complexu
592 2289 732 2355 Venerio
761 2292 964 2372 iungeretur,
995 2291 1138 2357 calculos
1162 2294 1308 2358 eiecisse.

249 2400 352 2465 Video
381 2398 608 2482 sympathiam
639 2399 747 2462 risum
770 2401 820 2473 est
843 2400 931 2463 enim
954 2399 1021 2464 tale
1044 2400 1209 2465 obiectum
1233 2401 1307 2464 dor-

249 2509 376 2585 mienti,
405 2510 442 2571 ut
472 2505 516 2582 id,
548 2505 636 2585 quod
666 2507 785 2582 evenit,
815 2509 953 2571 naturae
983 2508 1033 2571 vis
1056 2509 1078 2589 †
1100 2526 1166 2571 non
1196 2508 1307 2591 opinio

192 2760 231 2801 142
250 2746 344 2799 Nunc
366 2744 508 2813 quidem]
533 2743 585 2797 Om
602 2742 715 2795 vaerlrets
734 2742 925 2796 affatielsestid
944 2758 972 2796 se
990 2745 1071 2796 noten
1089 2743 1109 2797 I.
1129 2744 1152 2796 6.
1172 2744 1213 2797 11.
1253 2760 1307 2796 mc-

250 2834 469 2904 ridiationes]
486 2834 519 2902 jf.
534 2833 622 2887 2249
637 2835 719 2886 noten
733 2835 914 2887 mirationem.
943 2834 1087 2886 nectam
1104 2834 1307 2901 multum...]

176 2925 181 2932 ’
250 2927 318 2980 Hvis
346 2934 437 2981 tamea
462 2924 525 2978 ikke
551 2924 674 2993 ligefrem
696 2940 725 2976 er
748 2922 870 2976 udlaldet
893 2922 969 2976 forare
993 2931 1057 2992 tom,
1081 2923 1130 2977 har
1151 2941 1202 2978 nee
1218 2923 1309 2992 bctyd-

250 3018 350 3086 niugen
370 3033 420 3085 »og
438 3015 524 3068 cudda
541 3014 633 3077 ikke‹;
648 3012 680 3081 jf.
698 3021 724 3067 et
741 3030 790 3081 »og
803 3012 833 3066 sd
848 3012 971 3081 (cudda)‹
984 3013 1026 3067 32.
1037 3014 1070 3066 69
1085 3018 1173 3068 notcn.
1198 3015 1308 3068 tantis

250 3106 456 3175 praesertim
480 3106 518 3158 dc
542 3104 650 3171 rebus]
679 3119 728 3172 »og
752 3103 798 3157 det
821 3120 864 3157 orn
883 3103 912 3157 sd
929 3104 1032 3183 yigtige
1050 3103 1260 3172 begivcnheder«
1280 3120 1308 3158 o:

251 3213 285 3266 og
302 3197 348 3250 det
366 3196 447 3250 skent
464 3195 511 3249 der
528 3212 556 3249 er
573 3197 693 3263 passeret
711 3193 741 3246 si
759 3194 861 3262 vigtige
879 3195 947 3262 ting,
966 3196 995 3247 at
1005 3193 1053 3263 jeg
1066 3193 1118 3262 dog
1129 3194 1219 3248 kunde
1231 3197 1309 3248 vente

251 3291 280 3341 at
297 3286 324 3340 fia
342 3303 375 3340 en
393 3285 558 3355 pimindelee
577 3284 674 3338 derom.
715 3300 785 3337 cum
808 3287 867 3338 aut
884 3286 919 3337 in
937 3285 1010 3338 foro
1030 3327 1034 3339 .
1055 3328 1061 3339 .
1081 3284 1097 3352 .]
1118 3285 1172 3339 Det
1190 3285 1249 3339 hele
1267 3302 1310 3353 po·

250 3377 343 3431 litiske
360 3378 398 3430 liv
415 3378 425 3429 i
444 3376 476 3430 de
493 3375 564 3429 tider
581 3374 758 3428 forekommer
771 3374 863 3428 Cicero
881 3377 952 3428 tomt
967 3391 1002 3444 og
1015 3375 1090 3444 ¹diget
1106 3392 1163 3429 som
1178 3391 1211 3429 en
1226 3375 1308 3429 drem.

199 3472 234 3526 69
251 3467 396 3535 Etenim]
425 3465 606 3533 »fremdeles«,
636 3464 669 3533 jf.
700 3468 782 3518 noten
808 3465 851 3519 42..
877 3465 919 3519 89.
970 3465 1153 3532 divisione]
1180 3465 1221 3519 60.
1250 3464 1309 3518 124.

251 3559 431 3611 thesaurus
454 3573 490 3609 ex
510 3557 579 3624 ovo]
599 3571 627 3609 se
644 3555 686 3610 65.
706 3555 764 3610 134.
804 3555 886 3610 Nam
910 3555 1034 3609 medici
1053 3599 1057 3608 .
1079 3598 1084 3609 .
1104 3557 1121 3624 .]
1142 3556 1178 3608 »ti
1196 3555 1238 3608 vel
1256 3555 1310 3608 ken

250 3650 363 3717 laegerue
382 3690 386 3700 .
407 3689 413 3701 .
433 3668 464 3700 .‹.
509 3646 603 3715 pleni
627 3647 785 3700 enectine
814 3644 931 3714 simus]
955 3661 981 3699 o:
1007 3662 1050 3699 orn
1074 3649 1134 3699 vort
1157 3647 1258 3715 Icgcmc
1283 3663 1312 3699 er

252 3737 379 3791 saftfnldt
401 3737 467 3791 eller
488 3737 613 3791 svaelrlret.
659 3753 695 3790 ex
718 3737 858 3806 quodam
882 3752 1001 3804 genere
1026 3737 1240 3806 somniorum]
1267 3737 1311 3791 Si-

252 3829 338 3881 danne
356 3828 498 3896 diagnoser
511 3828 541 3881 af
553 3827 672 3881 dremmc
687 3826 728 3879 for
742 3826 1017 3881 helbredstilstanden
1030 3842 1159 3894 opregnes
1171 3828 1181 3880 i
1191 3829 1310 3896 mangdc

253 3920 263 3971 i
286 3922 313 3971 ct
338 3918 418 3972 skrift
440 3920 506 3991 περὶ
524 3916 660 4003 &varior
686 3918 716 3970 af
738 3934 771 3971 en
793 3917 929 3972 nbekendt
953 3917 1077 3971 forfatter
1100 3918 1247 3986 (Hippocr,
1270 3918 1310 3972 ed.

253 4008 398 4076 romeriis,
417 4007 501 4076 111p.
520 4009 573 4062 487
591 4009 637 4076 ff.).

195 4117 234 4157 143
254 4098 271 4163 †
288 4113 352 4149 non
370 4097 488 4165 opinio
507 4099 646 4165 erroris]
672 4099 726 4151 Der
744 4114 772 4151 er
789 4098 898 4153 vistnolr
916 4115 949 4151 eu
967 4098 1015 4166 fejl
1033 4099 1043 4151 i
1061 4096 1158 4151 ordene
1176 4098 1216 4165 (se
1235 4096 1309 4163 udgs
